@book{kecki,
    author = {Kęcki, Z.},
    title = {Podstawy spektroskopii molekularnej},
    year = {2013},
    publisher = {PWN},
    pages = {11-18, 24-27, 84-101, 143-155}
}

@book{sadlej-spektroskopia,
    author = {Sadlej, J.},
    title = {Spektroskopia molekularna},
    year = {2002},
    publisher = {WNT},
    pages = {3, 10-11, 78, 162-177, 205}
}

@book{clayden-t1,
    author = {Clayden, J. and Greeves, N. and Warren, S. and Wothers, P.},
    title = {Chemia organiczna, cz. 1},
    year = {2009},
    publisher = {WNT},
    pages = {65-72}
}

@article{ir-interactions-1,
    author = {Carpenter, J. F. and Crowe, J. H.},
    title = {An infrared spectroscopic study of the interactions of carbohydrates with dried proteins},
    journal = {Biochemistry},
    volume = {28},
    number = {9},
    year = {1989},
    pages = {3916-3922}
}

@article{ir-interactions-2,
    author = {Zhang, R. and Li, H. and Lei, Y. and Han, S.},
    title = {Structures and interactions in N-methylacetamide-water mixtures studied by IR spectra and density functional theory},
    journal = {Journal of Molecular Structure},
    volume = {693},
    year = {2004},
    pages = {17-25}
}

@article{ir-interactions-3,
    author = {Shishlov, N. M. and Khursan, S. L.},
    title = {Effect of ion interactions on the IR spectrum of benzenesulfonate ion. Restoration of sulfonate ion symmetry in sodium benzenesulfonate dimer},
    journal = {Journal of Molecular Structure},
    volume = {1123},
    year = {2016},
    pages = {360-366}
}

@article{ir-interactions-4,
    author = {Minaeva, V. and Panchenko, A. and Karaush-Karmazin, N. and Nycz, J. E. and Minaev, B.},
    title = {Manifestation of Intermolecular Interactions in the IR
Spectra of 2- and 4-Methylmethcathinones
Hydrochlorides: DFT Study and Hirshfeld Surfaces
Analysis},
    journal = {Biointerface Research in Applied Chemistry},
    volume = {13},
    year = {2023},
    pages = {202}
}

@article{ir-interactions-5,
    author = {Han, L. and Sun, Y. and Wang, Y. and Fu, H. and Duan, C. and Wang, M. and Cai, W. and Shao, X.},
    title = {Ultra-high resolution near-infrared spectrum by wavelet packet transform revealing the hydrogen bond interactions},
    journal = {Spectrochimica Acta Part A},
    volume = {289},
    year = {2023},
    pages = {122233}
}

@article{ir-interactions-6,
    author = {Lawrie, G. and Keen, I. and Drew, B. and Chandler-Temple, A. and Rintoul, L. and Fredericks, P. and Gr{\o}ndahl, L.},
    title = {Interactions between Alginate and Chitosan Biopolymers
Characterized Using FTIR and XPS},
    journal = {Biomacromolecules},
    year = {2007},
    volume = {8},
    pages = {2533-2541}
}

@article{ir-interactions-7,
    author = {Yang, K. and Lin, D. and Xing, B.},
    title = {Interactions of Humic Acid with Nanosized Inorganic Oxides},
    journal = {Langmuir},
    year = {2009},
    volume = {25},
    pages = {3571-3576}
}

@article{ir-interactions-8,
    author = {Zhang, J. and Duan, Y. and Sato, H. and Tsuji, H. and Noda, I. and Yan, S. and Ozaki, Y.},
    title = {Crystal Modifications and Thermal Behaviour of Poly(\textsc{l}-lactic acid) Revealed by Infrared Spectroscopy},
    journal = {Macromolecules},
    year = {2005},
    volume = {38},
    pages = {8012-8021}
}

@article{ir-interactions-9,
    author = {Boschin, A. and Johansson, P.},
    title = {Characterization of NaX (X: TFSI, FSI) - PEO based solid polymer electrolytes for sodium batteries},
    journal = {Electrochim. Acta},
    volume = {175},
    year = {2015},
    pages = {124-133}
}

@article{ir-interactions-10,
    author = {Bagchi, S. and Fried, S. D. and Boxer, S. G.},
    title = {A Solvatochromic Model Calibrates Nitriles’ Vibrational Frequencies to Electrostatic Fields},
    journal = {J. Am. Chem. Soc.},
    year = {2012},
    volume = {134},
    pages = {10373-10376}
}

@article{ir-interactions-11,
    author = {Yu, L. and Pizio, B. S. and Vaden, T. D.},
    title = {Conductivity and Spectroscopic Investigation of Bis(trifluoromethanesulfonyl)imide Solution in Ionic Liquid 1-Butyl-3-methylimidazolium Bis(trifluoromethanesulfonyl)imide},
    journal = {J. Phys. Chem. B},
    year = {2012},
    volume = {116},
    pages = {6553-6560}
}

@article{ir-interactions-12,
    author = {Fumino, K. and Wittler, K. and Ludwig, R.},
    title = {The Anion Dependence of the Interaction Strength between Ions in Imidazolium-Based Ionic Liquids Probed by Far-Infrared Spectroscopy},
    journal = {J. Phys. Chem. B},
    year = {2012},
    volume = {116},
    pages = {9507-9511}
}

@article{ir-interactions-13,
    author = {Zhang, S. and Zhang, Y. and Ma, X. and Lu, L. and He, Y. and Deng, Y.},
    title = {Benzonitrile as a Probe of Local Environment in Ionic Liquids},
    journal = {J. Phys. Chem. B},
    year = {2013},
    volume = {117},
    pages = {2764-2772}
}

@article{ir-interactions-14,
    author = {van Wilderen, L. J. G. W. and Kern-Michler, D. and M{\"{u}}ller-Werkmeister, H. M. and Bredenbeck, J.},
    title = {Vibrational dynamics and solvatochromism of the label SCN in various solvents and hemoglobin by time dependent IR and 2D-IR spectroscopy},
    journal = {Phys. Chem. Chem. Phys.},
    year = {2014},
    volume = {16},
    pages = {19643-19653}
}

@article{ir-interactions-15,
    author = {Buckingham, A. D. and Del Bene, J. E. and McDowell, S. A. C.},
    title = {The hydrogen bond},
    journal = {Chem. Phys. Letters},
    year = {2008},
    volume = {463},
    pages = {1-10}
}

@article{ir-interactions-16,
    author = {Fumino, K. and Peppel, T. and Geppert-Rybczyńska, M. and Zaitsau, D. H. and Lehmann, J. K. and Verevkin, S. P. and K{\"{o}}ckerling, M. and Ludwig, R.},
    title = {The influence of hydrogen bonding on the physical properties of ionic liquids},
    year = {2011},
    journal = {Phys. Chem. Chem. Phys.},
    volume = {13},
    pages = {14064-14075}
}

@article{ir-interactions-17,
    author = {Fumino, K. and Wulf, A. and Ludwig, R.},
    title = {Hydrogen Bonding in Protic Ionic Liquids: Reminiscent of Water},
    year = {2009},
    journal = {Angewandte Chemie},
    volume = {48},
    pages = {3184-3186}
}

@article{ir-interactions-18,
    author = {Katsyuba, S. A. and Vener, M. V. and Zvereva, E. E. and Fei, Z. and Scopelliti, R. and Laurenczy, G. and Yan, N. and Paunescu, E. and Dyson, P. J.},
    title = {How Strong Is Hydrogen Bonding in Ionic Liquids? Combined X-ray Crystallographic, Infrared/Raman Spectroscopic, and Density Functional Theory Study},
    year = {2013},
    journal = {J. Phys. Chem. B},
    volume = {117},
    pages = {9094-9105}
}

@article{raman-interactions-1,
    author = {Goutev, N. and Ohno, K. and Matsuura, H.},
    title = {Raman Spectroscopic Study on the Conformation of 1,2-Dimethoxyethane in the Liquid Phase and in Aqueous Solutions},
    journal = {J. Phys. Chem. A},
    year = {2000},
    volume = {104},
    pages = {9226-9232}
}

@article{raman-interactions-2,
    author = {Fujii, K. and Seki, S. and Fukuda, S. and Kanzaki, R. and Takamuku, T. and Umebayashi, Y. and Ishiguro, S.-I.},
    title = {Anion Conformation of Low-Viscosity Room-Temperature Ionic Liquid 1-Ethyl-3-methylimidazolium Bis(fluorosulfonyl) Imide},
    journal = {J. Phys. Chem. B},
    year = {2007},
    volume = {111},
    pages = {12829-12833}
}

@article{raman-interactions-3,
    author = {Johansson, P. and Grondin, J. and Lasse{\`{e}}gues, J.-C.},
    title = {Structural and Vibrational Properties of Diglyme and Longer Glymes},
    journal = {J. Phys. Chem. A},
    year = {2010},
    volume = {114},
    pages = {10700-10705}
}

@article{raman-interactions-4,
    author = {Kobayashi, A. and Osawa, K. and Terazima, M. and Kimura, Y.},
    title = {Solute–solvent hydrogen-bonding in room temperature ionic liquids studied by Raman spectroscopy},
    journal = {Phys. Chem. Chem. Phys.},
    year = {2012},
    volume = {14},
    pages = {13676-13683}
}

@article{li-interactions-1,
    author = {Klassen, B. and Aroca, R. and Nazri, M. and Nazri, G. A.},
    title = {Raman Spectra and Transport Properties of Lithium Perchlorate in Ethylene Carbonate Based Binary Solvent Systems for Lithium Batteries},
    journal = {J. Phys. Chem. B},
    year = {1998},
    volume = {102},
    pages = {4795-4801}
}

@article{li-interactions-2,
    author = {Wang, Z. and Huang, B. and Huang, H. and Chen. L. and Xue, R. and Wang, F.},
    title = {Infrared spectroscopic study of the interaction between lithium salt LiClO$_4$ and the plasticizer ethylene carbonate in the polyacrylonitrile-based electrolyte},
    journal = {Solid State Ionics},
    volume = {85},
    year = {1996},
    pages = {143-148}
}

@article{li-interactions-3,
    author = {Deepa, M. and Sharma, N. and Varshney, P. and Agnihotry, S. A. and Chandra, R.},
    title = {An insight into the interactions between LiN(CF$_3$SO$_2$)$_2$ - $\gamma$BL/DMF - PMMA by FTIR spectroscopy},
    journal = {Ionics},
    volume = {6},
    pages = {408-414},
    year = {2000}
}

@article{li-interactions-4,
    author = {Umebayashi, Y. and Mitsugi, T. and Fukuda, S. and Fujimori, T. and Fujii, K. and Kanzaki, R. and Takeuchi, M. and Ishiguro, S.-I.},
    title = {Lithium Ion Solvation in Room-Temperature Ionic Liquids Involving Bis(trifluoromethanesulfonyl) Imide Anion Studied by Raman Spectroscopy and DFT Calculations},
    journal = {J. Phys. Chem. B},
    year = {2007},
    volume = {111},
    pages = {13028-13032}
}

@article{li-interactions-5,
    author = {Wu, I.-D. and Chang, F.-Ch.},
    title = {Determination of the interaction within polyester-based solid polymer electrolyte using FTIR spectroscopy},
    journal = {Polymer},
    year = {2007},
    volume = {48},
    pages = {989-996}
}

@article{li-interactions-6,
    author = {Seo, D. M. and Boyle, P. D. and Sommer, R. D. and Daubert, J. S. and Borodin, O. and Henderson, W. A.},
    title = {Solvate Structures and Spectroscopic Characterization of LiTFSI Electrolytes},
    journal = {J. Phys. Chem. B},
    year = {2014},
    volume = {118},
    pages = {13601-13608}
}

@article{li-interactions-7,
    author = {Umebayashi, Y. and Mori, S. and Fujii, K. and Tsuzuki, S. and Seki, S. and Hayamizu, K. and Ishiguro, S.-I.},
    title = {Raman Spectroscopic Studies and Ab Initio Calculations on Conformational Isomerism of 1-Butyl-3-methylimidazolium Bis-(trifluoromethanesulfonyl)amide Solvated to a Lithium Ion in Ionic Liquids: Effects of the Second Solvation Sphere of the Lithium Ion},
    journal = {J. Phys. Chem. B},
    year = {2010},
    volume = {114},
    pages = {6513-6521}
}

@article{li-interactions-8,
    author = {Seo, D. M. and Boyle, P. D. and Allen, J. L. and Han, S.-D. and J{\'{o}}nsson, E. and Johansson, P. and Henderson, W. A.},
    title = {Solvate Structures and Computational/Spectroscopic Characterization of LiBF$_4$ Electrolytes},
    journal = {J. Phys. Chem. C},
    year = {2014},
    volume = {118},
    pages = {18377-18386}
}

@article{li-interactions-9,
    author = {Han, S.-D. and Yun, S.-H. and Borodin, O. and Seo, D. M. and Sommer, R. D. and Young, V. G. and Henderson, W. A.},
    title = {Solvate Structures and Computational/Spectroscopic Characterization of LiPF$_6$ Electrolytes},
    journal = {J. Phys. Chem. C},
    year = {2015},
    volume = {119},
    pages = {8492-8500}
}

@article{li-interactions-10,
    author = {Aguilera, L. and Xiong, S. and Scheers, J. and Matic, A.},
    title = {A structural study of LiTFSI–tetraglyme mixtures: From diluted solutions to solvated ionic liquids},
    journal = {J. Mol. Liquids},
    volume = {210},
    year = {2015},
    pages = {238-242}
}

@article{li-interactions-11,
    author = {Chae, Y. and Lim, C. and Jeon, J. and Kim, M. and Lee, K.-K. and Kwak, K. and Cho, M.},
    title = {Lithium-Ion Solvation Structure in Organic Carbonate Electrolytes at Low Temperatures},
    year = {2022},
    journal = {J. Phys. Chem. Lett.},
    volume = {13},
    pages = {7881-7888}
}

@article{na-interactions-1,
    author = {Wahlers, J. and Fulfer, K. D. and Harding, D. P. and Kuroda, D. G. and Kumar, R. and Jorn, R.},
    title = {Solvation Structure and Concentration in Glyme-Based Sodium Electrolytes: A Combined Spectroscopic and Computational Study},
    journal = {J. Phys. Chem. C},
    year = {2016},
    volume = {120},
    pages = {17949-17959}
}

@article{energy-demand,
    author = {Lindberg, K. B. and Seljom, P. and Madsen, H. and Fischer, D. and Korpås, M.},
    title = {Long-term electricity load forecasting: Current and future trends},
    journal = {Utilities Policy},
    year = {2019},
    volume = {58},
    pages = {102-119}
}

@article{energy-storage,
    author = {Whittingham, M. S.},
    title = {History, Evolution, and Future Status of Energy Storage},
    journal = {Proceedings of the IEEE},
    volume = {100},
    year = {2012},
    pages = {1518-1534}
}

@article{lib-review,
    author = {Xu, K.},
    title = {Nonaqueous Liquid Electrolytes for Lithium-Based Rechargeable Batteries},
    journal = {Chem. Rev.},
    year = {2004},
    volume = {104},
    pages = {4303-4417}
}

@article{lib-review-2,
    author = {Xu, K.},
    title = {Electrolytes and Interphases in Li-Ion Batteries and Beyond},
    journal = {Chem. Rev.},
    year = {2014},
    volume = {114},
    pages = {11503-11618}
}

@book{lib-electrolytes,
    author = {Bergveld, H. J. and Kruijt, W. S. and Notten, P. H. L.},
    title = {Battery Management Systems: Design by Modelling},
    publisher = {Springer},
    date = {2002},
    pages = {107-108, 113},
}

@article{lib-peo-electrolytes,
    author = {Xue, Z. and He, D. and Xie, X.},
    title = {Poly(ethylene oxide)-based electrolytes for lithium-ion batteries},
    year = {2015},
    journal = {J. Mater. Chem. A},
    volume = {3},
    pages = {19218-19253}
}

@article{lithium-shortage,
    author = {Tarascon, J.-M.},
    title = {Is lithium the new gold?},
    journal = {Nature Chemistry},
    year = {2010},
    volume = {5},
    pages = {510}
}

@article{lithium-abundance,
	author = {Wedepohl, K. H.},
	title = {The composition of the continental crust},
	journal = {Geochimica et Cosmochimica Acta},
	date = {1995},
	volume = {59},
	pages = {1217-1232},
}

@article{lithium-contra,
	author = {Ciez, R. E. and Whitacre, J. F.},
	title = {The cost of lithium is unlikely to upend the price of Li-ion storage systems},
	journal = {J. Power Sources},
	date = {2016},
	volume = {320},
	pages = {310-313},
}

@article{na-ion-1,
    author = {Palomares, V. and Serras, P. and Villaluenga, I. and Hueso, K. B. and Carretero-Gonz{\'{a}}lez and Rojo, T.},
    title = {Na-ion batteries, recent advances and present challenges to become low cost
energy storage systems},
    journal = {Energy Environ. Sci.},
    year = {2012},
    volume = {5},
    pages = {5884-5901}
}

@article{na-ion-2,
    author = {Slater, M. D. and Kim, D. and Lee, E. and Johnson, C. S.},
    title = {Sodium-Ion Batteries},
    journal = {Advanced Functional Materials},
    volume = {23},
    pages = {947-958},
    year = {2013}
}

@article{na-ion-3,
    author = {Yabuuchi, N. and Kubota, K. and Dahbi, M. and Komaba, S.},
    title = {Research Development on Sodium-Ion Batteries},
    journal = {Chem. Rev.},
    year = {2014},
    volume = {114},
    pages = {11636-11682}
}

@article{na-ion-4,
    author = {Ponrouch, A. and Monti, D. and Boschin, A. and Steen, B. and Johansson, P. and Palac{\'{i}}n, R.},
    title = {Non-aqueous electrolytes for sodium-ion batteries},
    journal = {J. Mater. Chem. A},
    year = {2015},
    volume = {5},
    pages = {22-42}
}

@article{na-ion-5,
    author = {Pan, H. and Hu, Y.-S. and Chen, L.},
    title = {Room-temperature stationary sodium-ion batteries for large-scale electric energy storage},
    journal = {Energy Environ. Sci.},
    year = {2013},
    volume = {6},
    pages = {2338-2360}
}

@article{na-ion-6,
    author = {Ponrouch, A. and Dedryv{\`{e}}re, R. and Monti, D. and Demet, A. E. and Mba, J. M. A. and Croguennec, L. and Masquelier, C. and Johansson, P. and Palac{\'{i}}n, M. R.},
    title = {Towards high energy density sodium ion batteries through electrolyte optimization},
    year = {2013},
    journal = {Energy Environ. Sci.},
    volume = {6},
    pages = {2361-2369}
}

@article{mg-ion-1,
    author = {Yoo, H. D. and Shterenberg, I. and Gofer, Y. and Gershinsky, G. and Pour, N. and Aurbach, D.},
    title = {Mg rechargeable batteries: an on-going challenge},
    journal = {Energy Environ. Sci.},
    year = {2013},
    volume = {6},
    pages = {2265-2279}
}

@article{mg-ion-2,
    author = {Song, J. and Sahadeo, E. and Noked, M. and Lee, S. B.},
    title = {Mapping the Challenges of Magnesium Battery},
    journal = {J. Phys. Chem. Lett.},
    year = {2016},
    volume = {7},
    pages = {1736-1749}
}

@article{mg-ion-3,
    author = {Tuerxun, F. and Abulizi, Y. and NuLi, Y. and Su, S. and Yang, J. and Wang, J.},
    title = {High concentration magnesium borohydride/tetraglyme electrolyte
for rechargeable magnesium batteries},
    journal = {J. Power Sources},
    year = {2015},
    volume = {276},
    pages = {255-261}
}

@article{mg-ion-4,
    author = {Narayanan, N. S. V. and Raj, B. V. A. and Sampath, S.},
    title = {Physicochemical, spectroscopic and electrochemical characterization of magnesium ion-conducting, room temperature, ternary molten electrolytes},
    journal = {J. Power Sources},
    year = {2010},
    volume = {195},
    pages = {4356-4364}
}

@article{mg-ion-5,
    author = {Watkins, T. and Buttry, D. A.},
    title = {Determination of Mg$^{2+}$ Speciation in a TFSI$^{-}$-Based Ionic Liquid With and Without Chelating Ethers Using Raman Spectroscopy},
    journal = {J. Phys. Chem. B},
    year = {2015},
    volume = {119},
    pages = {7003-7014}
}

@article{mg-ion-6,
    author = {Li, Y. and Guan, S. and Huo, H. and Ma, Y. and Gao, Y. and Zuo, P. and Yin, G.},
    title = {A Review of Magnesium Aluminum Chloride Complex Electrolytes for Mg Batteries},
    year = {2021},
    journal = {Adv. Funct. Mater.},
    volume = {31},
    pages = {2100650}
}

@article{mg-ion-7,
    author = {He, S. and Nielson, K. V. and Luo, J. and Liu, T. L.},
    title = {Recent advances on MgCl$_2$ based electrolytes for rechargeable batteries},
    year = {2017},
    journal = {Energy Storage Materials},
    volume = {8},
    pages = {184-188}
}

@article{mg-ion-8,
    author = {Mohtadi, R. and Mizuno, F.},
    title = {Magnesium batteries: Current state of the art, issues and future perspectives},
    year = {2014},
    journal = {Beilstein J. Nanotechnol.},
    volume = {5},
    pages = {1290-1311}
}

@article{mg-ion-9,
    author = {Bucur, C. B. and Gregory, T. and Oliver, A. G. and Muldoon, J.},
    title = {Confession of a Magnesium Battery},
    year = {2015},
    journal = {J. Phys. Chem. Lett.},
    volume = {6},
    pages = {3578-3591}
}

@article{mg-ion-10,
    author = {Lu, Z. and Schechter, A. and Moshkovich, M. and Aurbach, D.},
    title = {One the electrochemical behavior of magnesium electrodes in polar aprotic electrolyte solutions},
    year = {1999},
    volume = {466},
    pages = {203-217}
}

@article{mg-ion-11,
    author = {Arthur, T. S. and Singh, N. and Matsui, M.},
    title = {Electrodeposited Bi, Sb and Bi$_{1-x}$Sb$_x$ alloys as anodes for Mg-ion batteries},
    year = {2012},
    journal = {Electrochem. Commun.},
    volume = {16},
    pages = {103-106}
}

@article{mg-ion-12,
    author = {Singh, N. and Arthur, T. S. and Ling, C. and Matsui, M. and Mizuno, F.},
    title = {A high energy-density tin anode for rechargeable magnesium-ion batteries},
    year = {2013},
    journal = {Chem. Commun.},
    volume = {49},
    pages = {149-151}
}

@article{mg-ion-13,
    author = {Sutto, T. E. and Duncan, T. T.},
    title = {Electrochemical and structural characterization of Mg ion intercalation into RuO$_2$ using an ionic liquid electrolyte},
    year = {2012},
    journal = {Electrochim. Acta},
    volume = {79},
    pages = {170-174}
}

@article{mg-ion-14,
    author = {Sutto, T. E. and Duncan, T. T.},
    title = {Electrochemical and structural characterization of Mg ion intercalation into Co$_3$O$_4$ using ionic liquid electrolytes},
    year = {2012},
    journal = {Electrochim. Acta},
    volume = {80},
    pages = {413-417}
}

@article{mg-ion-15,
    author = {Amatucci, G. G. and Badway, F. and Singhal, A. and Beaudoin, B. and Skandan, G. and Bowmer, T. and Plitz, I. and Pereira, N. and Chapman, T. and Jaworski, R.},
    title = {Investigation of Yttrium and Polyvalent Ion Intercalation into Nanocrystalline Vanadium Oxide},
    year = {2001},
    journal = {J. Electrochem. Soc.},
    volume = {148},
    pages = {A940}
}

@article{mg-ion-16,
    author = {Liu, Y. and Jiao, L. and Wu, Q. and Du, J. and Zhao, Y. and Si, Y. and Wang, Y. and Yuan, H.},
    title = {Sandwich-structured graphene-like MoS$_2$/C microspheres for rechargeable Mg batteries},
    year = {2013},
    journal = {J. Mater. Chem. A},
    volume = {1},
    pages = {5822-5826}
}

@article{mg-ion-17,
    author = {Ling, C. and Mizuno, F.},
    title = {Phase Stability of Post-spinel Compound AMn$_2$O$_4$ (A = Li, Na, or Mg) and Its Application as a Rechargeable Battery Cathode},
    year = {2013},
    journal = {Chem. Mater.},
    volume = {25},
    pages = {3062-3071}
}

@article{mg-ion-18,
    author = {Mohtadi, R. and Matsui, M. and Arthur, T. S. and Hwang, S.-J.},
    title = {Magnesium Borohydride: From Hydrogen Storage to Magnesium Battery},
    year = {2012},
    journal = {Angewandte Chemie},
    volume = {51},
    pages = {9780-9783}
}

@article{mg-ion-19,
    author = {Chusid, O. and Gofer, Y. and Gizbar, H. and Vestfrid, Y. and Levi, E. and Aurbach, D. and Riech, I.},
    title = {Solid-State Rechargeable Magnesium Batteries},
    year = {2003},
    journal = {Adv. Mater.},
    volume = {15},
    pages = {627-630}
}

@article{mg-ion-20,
    author = {Aubrey, M. L. and Ameloot, R. and Wiers, B. B. and Long, J. R.},
    title = {Metal-organic frameworks as solid magnesium electrolytes},
    year = {2014},
    journal = {Energy Environ. Sci.},
    volume = {7},
    pages = {667-671}
}

@article{mg-cl-tfsi,
    author = {Shterenberg, I. and Salama, M. and Yoo, H. D. and Gofer, Y. and Park, J.-B. and Sun, Y.-K. and Aurbach, D.},
    title = {Evaluation of (CF$_3$SO$_2$)$_2$N$^{-}$ (TFSI) Based Electrolyte Solutions for Mg Batteries},
    year = {2015},
    journal = {J. Electrochem. Soc.},
    volume = {162},
    pages = {A7118-A7128}
}

@article{na-environment,
    author = {Peters, J. and Buchholz, D. and Passerini, S. and Weil, M.},
    title = {Life cycle assessment of sodium-ion batteries},
    journal = {Energy Environ. Sci.},
    year = {2016},
    volume = {9},
    pages = {1744-1751}
}

@article{na-fsi,
    author = {Matsumoto, K. and Hosokawa, T. and Nohira, T. and Hagiwara, R. and Fukunaga, A. and Numata, K. and Itani, E. and Sakai, S. and Nitta, K. and Inazawa, S.},
    title = {The Na[FSA]-[C$_2$C$_1$im][FSA](C$_2$C$_1$im$^{+}$: 1-ethyl-3-methylimidazolium and FSA$^{-}$: bis(fluorosulfonyl)amide) ionic liquid electrolytes for sodium secondary batteries},
    journal = {J. Power Sources},
    year = {2014},
    volume = {265},
    pages = {36-39}
}

@article{el-carbonates,
    author = {Ponrouch, A. and Marchante, E. and Courty, M. and Tarascon, J.-M. and Palac{\'{i}}n, M. R.},
    title = {In search of an optimized electrolyte for Na-ion batteries},
    journal = {Energy Environ. Sci.},
    year = {2012},
    volume = {5},
    pages = {8572-8583}
}

@article{el-nitriles,
    author = {Lane, G. H. and Jezek, E.},
    title = {Electrochemical studies of acetonitrile based supercapacitor electrolytes containing alkali and alkaline earth metal cations},
    journal = {Electrochim. Acta},
    volume = {150},
    year = {2014},
    pages = {173-187}
}

@article{el-ethers-1,
    author = {Kim, J. and Lim, H.-D. and Gwon, H. and Kang, K.},
    title = {Sodium-oxygen batteries with alkyl-carbona-te and ether based electrolytes},
    journal = {Phys. Chem. Chem. Phys.},
    year = {2013},
    volume = {15},
    pages = {3623-3629}
}

@article{el-ethers-2,
    author = {Hong, S. Y. and Kim, Y. and Park, Y. and Choi, A. and Choi, N.-S. and Lee, K. T.},
    title = {Charge carriers in rechargeable batteries: Na ions vs. Li ions},
    journal = {Energy Environ. Sci.},
    year = {2013},
    volume = {6},
    pages = {2067-2081}
}

@article{el-imidazolium,
    author = {Bitner-Michalska, A. and Krztoń-Maziopa, A. and Żukowska, G. and Trzeciak, T. and Wieczorek, W. and Marcinek, M.},
    title = {Liquid electrolytes containing new tailored salts for sodium-ion batteries},
    journal = {Electrochim. Acta},
    volume = {222},
    year = {2016},
    pages = {108-115}
}

@article{el-peo-1,
    author = {Wiencierz, M. and Stolwijk, N. A.},
    title = {Systematics of ionic transport and pair formation in amorphous PEO–NaI polymer electrolytes},
    journal = {Solid State Ionics},
    volume = {212},
    year = {2012},
    pages = {88-99}
}

@article{el-peo-2,
    author = {Moreno, J. S. and Armand, M. and Berman, M. B. and Greenbaum, S. G. and Scrosati, B. and Panero, S.},
    title = {Composite PEO$_{n}$:NaTFSI polymer electrolyte: Preparation, thermal and electrochemical characterization},
    year = {2014},
    journal = {J. Power Sources},
    volume = {248},
    pages = {695-702}
}

@article{fluorination-1,
    author = {Lee, Y. and Lee, J. and Kim, H. and Kang, K. and Choi, N.-S.},
    title = {Highly stable linear carbonate-containing electrolytes with fluoroethylene carbonate for high-performance cathodes in sodium-ion batteries},
    year = {2016},
    journal = {J. Power Sources},
    volume = {320},
    pages = {49-58}
}

@article{fluorination-2,
    author = {Bolloli, M. and Alloin, F. and Kalhoff, J. and Bresser, D. and Passerini, S. and Judenstein, P. and Lepr{\^{e}}tre, J.-C.},
    title = {Effect of Carbonates Fluorination on the Properties of LiTFSI-based Electrolytes for Li-ion Batteries},
    journal = {Electrochim. Acta},
    volume = {161},
    year = {2015},
    pages = {159-170}
}

@article{fluorination-3,
    author = {Xu, C. and Lindgren, F. and Philippe, B. and Gorgoi, M. and Bj{\"{o}}refors, F. and Edstr{\"{o}}m ,K. and Gustafsson, T.},
    title = {Improved Performance of the Silicon Anode for Li-Ion Batteries: Understanding the Surface Modification Mechanism of Fluoroethylene Carbonate as an Effective Electrolyte Additive},
    journal = {Chem. Mater.},
    year = {2015},
    volume = {27},
    pages = {2591-2599}
}

@article{fluorination-4,
    author = {Zhang, Z. and Hu, L. and Wu, H. and Weng, W. and Koh, M. and Redfern, P. C. and Curtiss, L. A. and Amine, K.},
    title = {Fluorinated electrolytes for 5 V lithium-ion battery chemistry},
    journal = {Energy Environ. Sci.},
    year = {2013},
    volume = {6},
    pages = {1806-1810}
}

@article{il-1,
    author = {Castner, E. W. and Wishart, J. F.},
    title = {Spotlight on ionic liquids},
    journal = {J. Chem. Phys.},
    year = {2010},
    volume = {132},
    pages = {120901}
}

@article{il-2,
    author = {MacFarlane, D. R. and Tachikawa, N. and Forsyth, M. and Pringle, J. M. and Howlett, P. C. and Elliott, G. D. and Davis, J. H. and Watanabe, M. and Simon, P. and Angell, C. A.},
    title = {Energy applications of ionic liquids},
    year = {2014},
    journal = {Energy Environ. Sci.},
    volume = {7},
    pages = {232-250}
}

@article{il-3,
    author = {Armand, M. and Endres, F. and MacFarlane, D. R. and Ohno, H. and Scrosati, B.},
    title = {Ionic-liquid materials for the electrochemical challenges of the future},
    year = {2009},
    journal = {Nat. Mater.},
    volume = {8},
    pages = {621-629}
}

@article{il-4,
    author = {Ma, C. and Laaksonen, A. and Liu, C. and Lu, X. and Ji, X.},
    title = {The peculiar effect of water on ionic liquids and deep eutectic solvents},
    year = {2018},
    journal = {Chem. Soc. Rev.},
    volume = {47},
    pages = {8685-8720}
}

@article{il-5,
    author = {Welton, T.},
    title = {Ionic liquids: a brief history},
    year = {2018},
    journal = {Biophysical Reviews},
    volume = {10},
    pages = {691-706}
}

@article{il-stability,
    author = {Greaves, T. L. and Drummond, C. J.},
    title = {Protic Ionic Liquids: Properties and Applications},
    journal = {Chem. Rev.},
    year = {2008},
    volume = {108},
    pages = {206-237}
}

@article{li-na-comparison,
    author = {Hong, S. Y. and Kim, Y. and Park, Y. and Choi, A. and Choi, N.-S. and Lee, K. T.},
    title = {Charge carriers in rechargeable batteries: Na ions vs. Li ions},
    journal = {Energy Environ. Sci.},
    year = {2013},
    volume = {6},
    pages = {2067-2081}
}

@article{na-il-1,
    author = {Chen, C.-Y. and Kiko, T. and Hosokawa, T. and Matsumoto, K. and Nohira, T. and Hagiwara, R.},
    title = {Ionic liquid electrolytes with high sodium ion fraction for high-rate and long-life sodium secondary batteries},
    journal = {J. Power Sources},
    year = {2016},
    volume = {332},
    pages = {51-59}
}

@article{na-il-2,
    author = {Giffin, G. A.},
    title = {Ionic liquid-based electrolytes for “beyond lithium” battery technologies},
    journal = {J. Matter. Chem. A},
    year = {2016},
    volume = {4},
    pages = {13378-13389}
}

@article{na-il-3,
    author = {Noor, S. A. M. and Howlett, P. C. and MacFarlane, D. R. and Forsyth, M.},
    title = {Properties of sodium-based ionic liquid electrolytes for sodium secondary battery applications},
    journal = {Electrochim. Acta},
    volume = {114},
    year = {2013},
    pages = {766-771}
}

@article{na-il-4,
    author = {Yoon, H. and Zhu, H. and Hervault, A. and Armand, M. and MacFarlane, D. R. and Forsyth, M.},
    title = {Physicochemical properties of N-propyl-N-methylpyrrolidinium bis(fluorosulfonyl)imide for so-dium metal battery applications},
    journal = {Phys. Chem. Chem. Phys.},
    year = {2014},
    volume = {16},
    pages = {12350-12355}
}

@article{na-il-5,
    author = {Monti, D. and J{\'{o}}nsson, E. and Palac{\'{i}}n, M. R. and Johansson, P.},
    title = {Ionic liquid based electrolyes for sodium-ion batteries: Na$^{+}$ solvation and ionic conductivity},
    year = {2014},
    volume = {245},
    journal = {J. Power Sources},
    pages = {630-636}
}

@article{na-il-6,
    author = {Ding, C. and Nohira, T. and Hagiwara, R. and Matsumoto, K. and Okamoto, Y. and Fukunaga, A. and Sakai, S. and Nitta, K. and Inazawa, S.},
    title = {Na[FSA]-[C$_3$C$_1$pyrr][FSA] ionic liquids as electrolytes for sodium secondary batteries: Effects of Na ion concentration and operation temperature},
    journal = {J. Power Sources},
    volume = {269},
    year = {2014},
    pages = {124-128}
}

@article{na-il-7,
    author = {Matsumoto, K. and Okamoto, Y. and Nohira, T. and Hagiwara, R.},
    title = {Thermal and Transport Properties of Na[N(SO$_2$F)$_2$]-[N-Methyl-N-propylpyrrolidinium][N(SO$_2$F)$_2$] Ionic Liquids for Na Secondary Batteries},
    journal = {J. Phys. Chem. C},
    year = {2015},
    volume = {119},
    pages = {7648-7655}
}

@article{na-il-8,
    author = {Hasa, I. and Passerini, S. and Hassoun, J.},
    title = {Characteristics of an ionic liquid electrolyte for sodium-ion batteries},
    journal = {J. Power Sources},
    year = {2016},
    volume = {303},
    pages = {203-207}
}

@article{na-il-9,
    author = {Forsyth, M. and Yoon, H. and Chen, F. and Zhu, H. and MacFarlane, D. R. and Armand, M. and Howlett, P. C.},
    title = {Novel Na$^{+}$ Ion Diffusion Mechanism in Mixed Organic-Inorganic Ionic Liquid Electrolyte Leading to High Na$^{+}$ Transference Number and Stable, High Rate Electrochemical Cycling of Sodium Cells},
    journal = {J. Phys. Chem. C},
    year = {2016},
    volume = {120},
    pages = {4276-4286}
}

@article{na-il-10,
    author = {Borodin, O. and Giffin, G. A. and Moretti, A. and Haskins, J. B. and Lawson, J. W. and Henderson, W. A. and Passerini, S.},
    title = {Insights into the Structure and Transport of the Lithium, Sodium, Magnesium, and Zinc Bis(trifluoromethansulfonyl)imide Salts in Ionic Liquids},
    journal = {J. Phys. Chem. C},
    year = {2018},
    volume = {122},
    pages = {20108-20121}
}

@article{na-il-11,
    author = {Fischer, P. J. and Do, M. P. and Reich, R. M. and Nagasubramanian, A. and Srinivasan, M. and K{\"{u}}hn, F. E.},
    title = {Synthesis and physicochemical characterization of room temperature ionic liquids and their application in sodium ion batteries},
    journal = {Phys. Chem. Chem. Phys.},
    year = {2018},
    volume = {20},
    pages = {29412-29422}
}

@article{zn-1,
    author = {Xu, J. J. and Ye, H. and Huang, J.},
    title = {Novel zinc ion conducting polymer gel electrolytes based on ionic liquids},
    journal = {Electrochem. Commun.},
    volume = {7},
    year = {2005},
    pages = {1309-1317}
}

@article{zn-2,
    author = {Kar, M. and Winther-Jensen, B. and Forsyth, M. and MacFarlane, D. R.},
    title = {Exploring zinc coordination in novel zinc battery electrolytes},
    journal = {Phys. Chem. Chem. Phys.},
    year = {2014},
    volume = {16},
    pages = {10816-10822}
}

@article{al-1,
    author = {Faegh, E. and Ng, B. and Hayman, D. and Mustain, W. E.},
    title = {Practical assessment of the performance of aluminium battery technologies},
    year = {2021},
    journal = {Nature Energy},
    volume = {6},
    pages = {21-29}
}

@article{al-2,
    author = {Bogolowski, N. and Drillet, J.-F.},
    title = {Activity of different AlCl$_3$-based electrolytes for the electrically rechargeable aluminium-air battery},
    year = {2018},
    journal = {Electrochim. Acta},
    volume = {274},
    pages = {353-358}
}

@article{al-3,
    author = {Nakayama, Y. and Senda, Y. and Kawasaki, H. and Koshitani, N. and Hosoi, S. and Kudo, Y. and Morioka, H. and Nagamine, M.},
    title = {Sulfone-based electrolytes for aluminium rechargeable batteries},
    year = {2015},
    journal = {Phys. Chem. Chem. Phys.},
    volume = {17},
    pages = {5758-5766}
}

@article{vibrational-exp-1,
    author = {Carstens, T. and Lahiri, A. and Borisenko, N. and Endres, F.},
    title = {Py$_{1,4}$FSI-NaFSI-Based Ionic Liquid Electrolyte for Sodium Batteries: Na$^{+}$ Solvation and Interfacial Nanostructure on Au(111)},
    journal = {J. Phys. Chem. C},
    year = {2016},
    volume = {120},
    pages = {14736-14741}
}

@article{vibrational-exp-2,
    author = {Terada, S. and Susa, H. and Tsuzuki, S. and Mandai, T. and Ueno, K. and Umebayashi, Y. and Dokko, K. and Watanabe, M.},
    title = {Dissociation and Diffusion of Glyme-Sodium Bis(trifluoromethanesulfo-nyl)amide Complexes in Hydrofluoroether-Based Electrolytes for Sodium Batteries},
    journal = {J. Phys. Chem. C},
    year = {2016},
    volume = {120},
    pages = {23339-23350}
}

@article{vibrational-exp-3,
    author = {Cresce, A. V. and Russell, S. M. and Borodin, O. and Allen, J. A. and Schroeder, M. A. and Dai, M. and Peng, J. and Gobet, M. P. and Greenbaum, S. G. and Rogers, R. E. and Xu, K.},
    title = {Solvation behavior of carbonate-based electrolytes in sodium ion batteries},
    journal = {Phys. Chem. Chem. Phys.},
    year = {2017},
    volume = {19},
    pages = {574-586}
}

@article{roentgen-exp,
    author = {Lapidus, S. H. and Rajput, N. N. and Qu, X. and Chapman, K. W. and Persson, K. A. and Chupas, P. J.},
    title = {Solvation structure and energetics of electrolytes for multivalent energy storage},
    journal = {Phys. Chem. Chem. Phys.},
    year = {2014},
    volume = {16},
    pages = {21941-21945}
}

@article{spectroscopy-structure-1,
    author = {Geysens, P. and Rangasamy, V. S. and Thayumanasundaram, S. and Robeyns, K. and Meervelt, L. V. and Locquet, J.-P. and Fransaer, J. and Binnemans, K.},
    title = {Solvation Structure of Sodium Bis(fluo-rosulfonyl) imide-Glyme Solvate Ionic Liquids and Its Influence on Cycling of Na-MNC Cathodes},
    journal = {J. Phys. Chem. B},
    year = {2018},
    volume = {122},
    pages = {275-289}
}

@article{spectroscopy-structure-2,
    author = {Hilder, M. and Gras, M. and Pope, C. R. and Kar, M. and MacFarlane, D. R. and Forsyth, M. and O'Dell, L. A.},
    title = {Effect of mixed anions on the physicochemical properties of a sodium containing alkoxyammonium ionic liquid electrolyte},
    journal = {Phys. Chem. Chem. Phys.},
    year = {2017},
    volume = {19},
    pages = {17461-17468}
}

@article{neutron-diffraction,
    author = {Maeda, S. and Kameda, Y. and Amo, Y. and Usuki, T. and Ikeda, K. and Otomo, T. and Yanagisawa, M. and Seki, S. and Arai, N. and Watanabe, H. and Umebayashi, Y.},
    title = {Local Structure of Li$^{+}$ in Concentrated Ethylene Carbonate Solutions Studied by Low-Frequency Raman Scattering and Neutron Diffraction with $^6$Li/$^7$Li Isotopic Substitution Methods},
    journal = {J. Phys. Chem. B},
    year = {2017},
    volume = {121},
    pages = {10979-10987}
}

@article{lib-vibrational-modeling,
    author = {Lasse{\`{e}}gues, J.-C. and Grondin, J. and Aupetit, C. and Johansson, P.},
    title = {Spectroscopic Identification of the Lithium Ion Transporting Species in LiTFSI-Doped Ionic Liquids},
    journal = {J. Phys. Chem. A},
    year = {2009},
    volume = {113},
    pages = {305-314}
}

@article{lib-solvent-effects,
    author = {Johansson, P.},
    title = {Electronic structure calculations on lithium battery electrolyte salts},
    journal = {Phys. Chem. Chem. Phys.},
    year = {2007},
    volume = {9},
    pages = {1493-1498}
}

@article{li-modeling-review,
    author = {Bhatt, M. D. and O'Dwyer, C.},
    title = {Recent prograss in theoretical and computational investigations of Li-ion battery materials and electrolytes},
    year = {2015},
    journal = {Phys. Chem. Chem. Phys.},
    volume = {17},
    pages = {4799-4844}
}

@article{li-ec-dft,
    author = {Bhatt, M. D. and Cho, M. and Cho, K.},
    title = {Interaction of Li$^{+}$ ions with ethylene cabonate (EC): Density functional theory calculations},
    year = {2010},
    volume = {257},
    pages = {1463-1468}
}

@article{li-ec-pc-dft,
    author = {Bhatt, M. D. and Cho, M. and Cho, K.},
    title = {Conduction of Li$^{+}$ cations in ethylene carbonate (EC) and propylene carbonate (PC): comparative studies using density functional theory},
    year = {2012},
    journal = {J. Solid State Electrochem.},
    volume = {16},
    pages = {435-441}
}

@article{li-pf6-dft,
    author = {Bhatt, M. D. and Cho, M. and Cho, K.},
    title = {Density functional theory calculations for the interaction of Li$^{+}$ cations and PF$_6^{-}$ anions with nonaqueous electrolytes},
    year = {2011},
    journal = {Can. J. Chem.},
    volume = {89},
    pages = {1525}
}

@article{li-diffusion-dft-aimd,
    author = {Bhatt, M. D. and Cho, M. and Cho, K.},
    title = {Density functional theory calculations and ab initio molecular dynamics simulations for diffusion of Li$^{+}$ within liquid ethylene carbonate},
    year = {2012},
    journal = {modelling Simul. Mater. Sci. Eng.},
    volume = {20},
    pages = {065004}
}

@article{li-dft-oxidative,
    author = {Leggesse, E. G. and Lin, R. T. and Teng, T.-F. and Chen, C.-L. and Jiang, J.-C.},
    title = {Oxidative Decomposition of Propylene Carbonate in Lithium Ion Batteries: A DFT Study},
    journal = {J. Phys. Chem. A},
    year = {2013},
    volume = {117},
    pages = {7959-7969}
}

@article{li-dft-md-reductive,
    author = {Tasaki, K.},
    title = {Solvent Decompositions and Physical Properties of Decomposition Compounds in Li-Ion Battery Electrolytes Studied by DFT Calculations and Molecular Dynamics Simulations},
    journal = {J. Phys. Chem. B},
    year = {2005},
    volume = {109},
    pages = {2920-2933}
}

@article{li-dft-reductive,
    author = {Wang, Y. and Balbuena, P. B.},
    title = {Theoretical Insights into the Reductive Decompositions of Propylene Carbonate and Vinylene Carbonate: Density Functional Theory Studies},
    year = {2002},
    journal = {J. Phys. Chem. B},
    volume = {106},
    pages = {4486-4495}
}

@article{li-reduction-mechanisms,
    author = {Vollmer, J. M. and Curtiss, L. A. and Vissers, D. R. and Amine, K.},
    title = {Reduction Mechanisms of Ethylene, Propylene, and Vinylethylene Carbonates: A Quantum Chemical Study},
    year = {2003},
    journal = {J. Electrochem. Soc.},
    volume = {151},
    pages = {A178}
}

@article{li-dft-clo4,
    author = {Li, T. and Balbuena, P. B.},
    title = {Theoretical Studies of Lithium Perchlorate in Ethylene Carbonate, Propylene Carbonate, and Their Mixtures},
    year = {1999},
    journal = {J. Electrochem. Soc.},
    volume = {146},
    pages = {3613}
}

@article{li-dft-associations,
    author = {Wang, Y. and Balbuena, P. B.},
    title = {Associations of Lithium Alkyl Dicarbonates throught O$\cdots$Li$\cdots$O Interactions},
    year = {2002},
    journal = {J. Phys. Chem. A},
    volume = {106},
    pages = {9582-9594}
}

@article{pcm-1,
    author = {Johansson, P. and Jacobsson, P.},
    title = {Lithium salt dissociation in non-aqueous electrolytes modeled by ab initio calculations},
    year = {2006},
    journal = {Solid State Ionics},
    volume = {177},
    pages = {2691-2697}
}

@article{pcm-2,
    author = {Eilmes, A. and Kubisiak, P.},
    title = {Polarizable Continuum Model Study on the Solvent Effect of Polymer Matrix in Poly(ethylene oxide)-based Solid Electrolyte},
    year = {2008},
    journal = {J. Phys. Chem. A},
    volume = {112},
    pages = {8849-8857}
}

@article{pcm-3,
    author = {Eilmes, A. and Kubisiak, P.},
    title = {Relative Complexation Energies for Li$^{+}$ Ion in Solution: Molecular Level Solvation Versus Polarizable Continuum Model Study},
    year = {2010},
    journal = {J. Phys. Chem. A},
    volume = {114},
    pages = {973-979}
}

@article{pcm-4,
    author = {Eilmes, A. and Kubisiak, P.},
    title = {A quantum-chemical study on the boron centers in nonaqueous electrolyte solutions and polymer electrolytes},
    year = {2011},
    journal = {Electrochim. Acta},
    volume = {56},
    pages = {3219-3224}
}

@article{li-il-dft-1,
    author = {Angenendt, K. and Johansson, P.},
    title = {Ionic Liquid Structures from Large Density Functional Theory Calculations Using Mindless Configurations},
    journal = {J. Phys. Chem. C},
    year = {2010},
    volume = {114},
    pages = {20577-20582}
}

@article{li-il-dft-2,
    author = {Angenendt, K. and Johansson, P.},
    title = {Ionic Liquid Based Lithium Battery Electrolytes: Charge Carriers and Interactions Derived by Density Functional Theory Calculations},
    year = {2011},
    journal = {J. Phys. Chem. B},
    volume = {115},
    pages = {7808-7813}
}

@article{li-glyme-dft,
    author = {Johansson, P. and Tegenfeldt, J. and Lindgren, J.},
    title = {Modelling amorphous lithium salt–PEO polymer electrolytes: ab initio calculations of lithium ion–tetra-, penta- and hexaglyme complexes},
    year = {1999},
    journal = {Polymer},
    volume = {40},
    pages = {4399-4406}
}

@article{li-raman-ec-dft,
    author = {Allen, J. L. and Borodin, O. and Seo, D. M. and Henderson, W. A.},
    title = {Combined quantum chemical/Raman spectroscopic analyses of Li$^{+}$ cation solvation: Cyclic carbonate solvents - Etylene carbonate and propylene carbonate},
    year = {2014},
    journal = {J. Power Sources},
    volume = {267},
    pages = {821-830}
}

@article{li-il-stability-window-dft,
    author = {Kazemiabnavi, S. and Zhang, Z. and Thornton, K. and Banerjee, S.},
    title = {Electrochemical Stability Window of Imidazolium-Based Ionic Liquids as Electrolytes for Lithium Batteries},
    journal = {J. Phys. Chem. B},
    year = {2016},
    volume = {120},
    pages = {5691-5702}
}

@article{ff-opls,
    author = {Jorgensen, W. L. and Maxwell, D. S. and Tirado-Rives, J.},
    title = {Development and Testing of the OPLS All-Atom Force Field on Conformational Energetics and Properties of Organic Liquids},
    journal = {J. Am. Chem. Soc.},
    year = {1996},
    volume = {118},
    pages = {11225-11236}
}

@article{ff-lopes-padua,
    author = {Lopes, J. N. C. and Deschamps, J. and P{\'{a}}dua, A. A. H.},
    title = {Modeling Ionic Liquids Using a Systematic All-Atom Force Field},
    year = {2004},
    journal = {J. Phys. Chem. B},
    volume = {108},
    pages = {2038-2047}
}

@article{borodin-old-1,
    author = {Borodin, O. and Smith, G. D.},
    title = {Development of Many-Body Polarizable Force Fields for Li-Battery Components: 1. Ether, Alkane, and Carbonate-Based Solvents},
    year = {2006},
    journal = {J. Phys. Chem. B},
    volume = {110},
    pages = {6279-6292}
}

@article{borodin-old-2,
    author = {Borodin, O. and Smith, G. D.},
    title = {Development of Many-Body Polarizable Force Fields for Li-Battery Components: 2. LiTFSI-Doped Oligoether, Polyether, and Carbonate-Based Electrolytes},
    year = {2006},
    journal = {J. Phys. Chem. B},
    volume = {110},
    pages = {6293-6299}
}

@article{ff-lopes-padua-polarizable,
    author = {Goloviznina, K. and Lopes, J. N. C. and Gomes, M. C. and P{\'{a}}dua, A. A. H.},
    title = {Transferable, Polarizable Force Field for Ionic Liquids},
    year = {2019},
    journal = {J. Chem. Theory Comput.},
    volume = {15},
    pages = {5858-5871}
}

@article{ff-scaling-charges,
    author = {Leontyev, I. and Stuchebrukhov, A.},
    title = {Accounting for electronic polarization in non-polari-zable force fields},
    year = {2011},
    journal = {Phys. Chem. Chem. Phys.},
    volume = {13},
    pages = {2613-2626}
}

@article{ff-polarizability,
    author = {Bedrov, D. and Borodin, O. and Li, Z. and Smith, G. D.},
    title = {Influence of Polarization on Structural, Thermodynamic, and Dynamic Properties of Ionic Liquids Obtained from Molecular Dynamics Simulations},
    year = {2010},
    journal = {J. Phys. Chem. B},
    volume = {114},
    pages = {4984-4997}
}

@article{ff-applep,
    author = {Borodin, O.},
    title = {Polarizable Force Field Development and Molecular Dynamics Simulations of Ionic Liquids},
    year = {2009},
    journal = {J. Phys. Chem. B},
    volume = {113},
    pages = {11463-11478}
}

@article{ff-drude,
    author = {Lamoureux, G. and Roux, B.},
    title = {Modeling induced polarization with classical Drude oscillators: Theory and molecular dynamics simulation algorithm},
    year = {2003},
    journal = {J. Chem. Phys.},
    volume = {119},
    pages = {3025-3039}
}

@article{aimd-perspectives-1,
    author = {Hassanali, A. A. and Cuny, J. and Verdolino, V. and Parrinello, M.},
    title = {Aqueous solutions: state of the art in ab initio molecular dynamics},
    year = {2014},
    journal = {Phil. Trans. R. Soc. A},
    volume = {372},
    pages = {20120482}
}

@article{aimd-perspectives-2,
    author = {Paquet, E. and Viktor, H. L.},
    title = {Computational Methods for Ab Initio Molecular Dynamics},
    year = {2018},
    journal = {Advances in Chemistry},
    volume = {2018},
    pages = {9839641}
}

@article{aimd-perspectives-3,
    author = {Bodo, E.},
    title = {Perspectives in the Computational Modeling of New Generation, Biocompatible Ionic Liquids},
    year = {2022},
    journal = {J. Phys. Chem. B},
    volume = {126},
    pages = {3-13}
}

@article{li-md-1,
    author = {Borodin, O. and Smith, G. D. and Fan, P.},
    title = {Molecular Dynamics Simulations of Lithium Alkyl Carbonates},
    year = {2006},
    journal = {J. Phys. Chem. B},
    volume = {110},
    pages = {22773-22779}
}

@article{li-md-2,
    author = {Borodin, O. and Smith, G. D.},
    title = {Mechanism of Ion Transport in Amorphous Poly(ethylene oxide)/LiTFSI from Molecular Dynamics Simulations},
    year = {2006},
    journal = {Macromolecules},
    volume = {39},
    pages = {1620-1629}
}

@article{li-md-3,
    author = {Costa, L. T. and Ribeiro, M. C. C.},
    title = {Molecular dynamics simulation of polymer electrolytes based on poly(ethylene oxide) and ionic liquids. II. Dynamical properties},
    year = {2007},
    journal = {J. Chem. Phys.},
    volume = {127},
    pages = {164901}
}

@article{li-md-4,
    author = {Sambasivarao, S. V. and Acevedo, O.},
    title = {Development of OPLS-AA Force Field Parameters for 68 Unique Ionic Liquids},
    year = {2009},
    journal = {J. Chem. Theory Comput.},
    volume = {5},
    pages = {1038-1050}
}

@article{li-md-5,
    author = {Borodin, O.},
    title = {Polarizable Force Field Development and Molecular Dynamics Simulations of Ionic Liquids},
    year = {2009},
    journal = {J. Phys. Chem. B},
    volume = {113},
    pages = {11463-11478}
}

@article{li-md-6,
    author = {Borodin, O. and Smith, G. D.},
    title = {Quantum Chemistry and Molecular Dynamics Simulation Study of Dimethyl Carbonate: Ethylene Carbonate Electrolytes Doped with LiPF$_6$},
    year = {2009},
    journal = {J. Phys. Chem. B},
    volume = {113},
    pages = {1763-1776}
}

@article{li-md-7,
    author = {Shimizu, K. and Almantariotis, D. and Gomes, M. F. C. and P{\'{a}}dua, A. A. H. and Lopes, J. N. C.},
    title = {Molecular Force Field for Ionic Liquids V: Hydroxyethylimidazolium, Dimethoxy-2- Methylimidazolium, and Fluoroalkylimidazolium Cations and Bis(Fluorosulfonyl)Amide, Perfluoroalkanesulfonylamide, and Fluoroalkylfluorophosphate Anions},
    year = {2010},
    journal = {J. Phys. Chem. B},
    volume = {114},
    pages = {3592-3600}
}

@article{li-md-8,
    author = {Salanne, M.},
    title = {Simulations of room temperature ionic liquids: from polarizable to coarse-grained force fields},
    year = {2015},
    journal = {Phys. Chem. Chem. Phys.},
    volume = {17},
    pages = {14270-14279}
}

@article{li-md-9,
    author = {Lopes, J. N. C. and P{\'{a}}dua, A. A. H.},
    title = {CL\&P: A generic and systematic force field for ionic liquids modeling},
    year = {2012},
    journal = {Theoretical Chemistry Accounts},
    volume = {131},
    pages = {1129}
}

@article{li-md-10,
    author = {Skarmoutsos, I. and Ponnuchamy, V. and Vetere, V. and Mossa, S.},
    title = {Li$^{+}$ Solvation in Pure, Binary, and Ternary Mixtures of Organic Carbonate Electrolytes},
    year = {2015},
    journal = {J. Phys. Chem. C},
    volume = {119},
    pages = {4502-4515}
}

@article{li-md-11,
    author = {Ong, M. T. and Verners, O. and Draeger, E. W. and van Duin, A. C. T. and Lordi, V. and Pask, J. E.},
    title = {Lithium Ion Solvation and Diffusion in Bulk Organic Electrolytes from First-Principles and Classical Reactive Molecular Dynamics},
    year = {2015},
    journal = {J. Phys. Chem. B},
    volume = {119},
    pages = {1535-1545}
}

@article{li-md-12,
    author = {Vatamanu, J. and Borodin, O. and Smith, G. D.},
    title = {Molecular Dynamics Simulation Studies of the Structure of a Mixed Carbonate/LiPF$_6$ Electrolyte near Graphite Surface as a Function of Electrode Potential},
    year = {2012},
    journal = {J. Phys. Chem. C},
    volume = {116},
    pages = {1114-1121}
}

@article{li-md-13,
    author = {Shi, S. and Lu, P. and Liu, Z. and Qi, Y. and Hector, L. G. and Li, H. and Harris, S. J.},
    title = {Direct Calculation of Li-Ion Transport in the Solid Electrolyte Interphase},
    year = {2012},
    journal = {J. Am. Chem. Soc.},
    volume = {134},
    pages = {15476-15487}
}

@article{li-md-14,
    author = {Liu, H. and Maginn, E.},
    title = {Effect of ion structure on conductivity in lithium-doped ionic liquid electrolytes: A molecular dynamics study},
    year = {2013},
    journal = {J. Chem. Phys.},
    volume = {139},
    pages = {114508}
}

@article{li-md-15,
    author = {Chattoraj, J. and Diddens, D. and Heuer, A.},
    title = {Effects of ionic liquids on cation dynamics in amorphous polyethylene oxide electrolytes},
    journal = {J. Chem. Phys.},
    volume = {140},
    year = {2014},
    pages = {024906}
}

@article{li-md-16,
    author = {Eilmes, A. and Kubisiak, P.},
    title = {Molecular Dynamics Study on the Effect of Lewis Acid Centers in Poly(ethylene oxide)/LiClO$_4$ Polymer Electrolyte},
    journal = {J. Phys. Chem. B},
    year = {2011},
    volume = {115},
    pages = {14938-14946}
}

@article{li-md-17,
    author = {Borodin, O. and Olguin, M. and Ganesh, P. and Kent, P. R. C. and Allen, J. L. and Henderson, W. A.},
    title = {Competitive lithium solvation of linear and cyclic carbonates from quantum chemistry},
    year = {2016},
    journal = {Phys. Chem. Chem. Phys.},
    volume = {18},
    pages = {164-175}
}

@article{il-md-1,
    author = {Br{\"{u}}ssel, M. and Brehm, M. and Voigt, T. and Kirchner, B.},
    title = {Ab initio molecular dynamics simulations of a binary system of ionic liquids},
    year = {2011},
    journal = {Phys. Chem. Chem. Phys.},
    volume = {13},
    pages = {13617-13620}
}

@article{il-md-2,
    author = {Prince, B. D. and Tiruppathi, P. and Bemish, R. J. and Chiu, Y.-H. and Maginn, E. J.},
    title = {Molecular Dynamics Simulations of 1-Ethyl-3-methylimidazolium Bis[(trifluoromethyl)sulfonyl]imide Clusters and Nanodrops},
    journal = {J. Phys. Chem. A},
    year = {2015},
    volume = {119},
    pages = {352-368}
}

@article{il-md-3,
    author = {Wendler, K. and Brehm, M. and Malberg, F. and Kirchner, B. and Site, L. D.},
    title = {Short Time Dynamics of Ionic Liquids in AIMD-Based Power Spectra},
    year = {2012},
    journal = {J. Chem. Theory Comput.},
    volume = {8},
    pages = {1570-1579}
}

@article{il-md-4,
    author = {Bodo, E. and Sferrazza, A. and Caminiti, R. and Mangialardo, S. and Postorino, P.},
    title = {A prototypical ionic liquid explored by ab initio molecular dymamics and Raman spectroscopy},
    journal = {J. Chem. Phys.},
    volume = {139},
    year = {2013},
    pages = {144309}
}

@article{il-md-5,
    author = {Thomas, M. and Brehm, M. and Holl{\'{o}}czki, O. and Kelemen, Z. and Nyul{\'{a}}szi, L. and Pasinszki, T. and Kirchner, B.},
    title = {Simulating the vibrational spectra of ionic liquid systems: 1-Ethyl-3-methylimidazolium acetate and its mixtures},
    year = {2014},
    journal = {J. Chem. Phys.},
    volume = {141},
    pages = {024510}
}

@article{il-md-6,
    author = {VandeVondele, J. and Tr{\"{o}}ster, P. and Tavan, P. and Mathias, G.},
    title = {Vibrational Spectra of Phosphate Ions in Aqueous Solution Probed by First-Principles Molecular Dynamics},
    year = {2012},
    journal = {J. Phys. Chem. A},
    volume = {116},
    pages = {2466-2474}
}

@article{il-md-7,
    author = {Mondal, A. and Balasubramanian, S.},
    title = {Vibrational Signatures of Cation–Anion Hydrogen Bonding in Ionic Liquids: A Periodic Density Functional Theory and Molecular Dynamics Study},
    year = {2015},
    journal = {J. Phys. Chem. B},
    volume = {119},
    pages = {1994-2002}
}

@article{il-md-8,
    author = {Zentel, T. and K{\"{u}}hn, O.},
    title = {Hydrogen bonding in the protic ionic liquid triethylammonium nitrate explored by density functional tight binding simulations},
    year = {2016},
    journal = {J. Chem. Phys.},
    volume = {145},
    pages = {234504}
}

@article{il-md-9,
    author = {Hunt, P. A.},
    title = {The simulation of imidazolium-based ionic liquids},
    year = {2005},
    journal = {Molecular Simulation},
    volume = {32},
    pages = {1-10}
}

@article{il-md-10,
    author = {Freitas, A. A. and Shimizu, K. and Lopes, J. N. C.},
    title = {Complex Structure of Ionic Liquids. Molecular Dynamics Studies with Different Cation-Anion Combinations},
    year = {2014},
    journal = {J. Chem. Eng. Data},
    volume = {59},
    pages = {3120-3129}
}

@article{il-md-11,
    author = {Ruivo, D. and Lopes, J. N. C. and Deive, F. J. and Esperan{\c{c}}a, J. M. S. S. and Rebelo, L. P. N. and Rodriguez, A. and Shimizu, K.},
    title = {Molecular dynamics studies on the structure and interactions of ionic liquids containing amino-acid anions},
    year = {2018},
    journal = {Phys. Chem. Chem. Phys.},
    volume = {20},
    pages = {23864-23872}
}

@article{il-md-12,
    author = {Palchowdhury, S. and Bhargava, B. L.},
    title = {Ionic Liquids at Nonane-Water Interfaces: Molecular Dynamics Studies},
    year = {2014},
    journal = {J. Phys. Chem. B},
    volume = {118},
    pages = {13930-13939}
}

@article{bench-dft-vs-ai,
    author = {Izgorodina, E. I. and Bernard, U. L. and MacFarlane, D. R.},
    title = {Ion-Pair Binding Energies of Ionic Liquids: Can DFT Compete with Ab Initio-Based Methods?},
    year = {2009},
    journal = {J. Phys. Chem. A},
    volume = {113},
    pages = {7064-7072}
}

@article{bench-ks-vs-mp2,
    author = {Zahn, S. and MacFarlane, D. R. and Izgorodina, E. I.},
    title = {Assessment of Kohn–Sham density functional theory and M{\o}ller–Plesset perturbation theory for ionic liquids},
    year = {2013},
    journal = {Phys. Chem. Chem. Phys.},
    volume = {15},
    pages = {13664-13675}
}

@article{bench-dft-grimme,
    author = {Grimme, S. and Hujo, W. and Kirchner, B.},
    title = {Performance of dispersion-corrected density functional theory for the interactions in ionic liquids},
    year = {2012},
    journal = {Phys. Chem. Chem. Phys.},
    volume = {14},
    pages = {4875-4883}
}

@article{bench-dftb,
    author = {Addicoat, M. A. and Stefanovic, R. and Webber, G. B. and Atkin, R. and Page, A. J.},
    title = {Assessment of the Density Functional Tight Binding Method for Protic Ionic Liquids},
    year = {2014},
    journal = {J. Chem. Theory Comput.},
    volume = {10},
    pages = {4633-4643}
}

@article{na-modeling-review,
    author = {Åvall, G. and Mindemark, J. and Brandell, D. and Johansson, P.},
    title = {Sodium-Ion Battery Electrolytes: Modeling and Simulations},
    journal = {Adv. Energy Mater.},
    year = {2018},
    volume = {8},
    pages = {1703036}
}

@article{na-dft-1,
    author = {Liu, Q. and Mu, D. and Wu, B. and Wang, L. and Gai, L. and Wu, F.},
    title = {Density Functional Theory Research into the Reduction Mechanism for the Solvent/Additive in a Sodium-Ion Battery},
    year = {2017},
    journal = {ChemSusChem},
    volume = {10},
    pages = {786-796}
}

@article{na-dft-2,
    author = {Kumar, H. and Detsi, E. and Abraham, D. P. and Shenoy, V. B.},
    title = {Fundamental Mechanisms of Solvent Decomposition Involved in Solid-Electrolyte Interphase Formation in Sodium Ion Batteries},
    year = {2016},
    journal = {Chem. Mater.},
    volume = {28},
    pages = {8930,8941}
}

@article{na-dft-3,
    author = {J{\'{o}}nsson, E. and Johansson, P.},
    title = {Modern battery electrolytes: Ion-ion interactions in Li$^{+}$ / Na$^{+}$ conductors from DFT calculations},
    year = {2012},
    journal = {Phys. Chem. Chem. Phys.},
    volume = {14},
    pages = {10774-10779}
}

@article{na-dft-4,
    author = {Chen, S. and Ishii, J. and Horiuchi, S. and Yoshizawa-Fujita, M. and Izgorodina, E. I.},
    title = {Difference in chemical bonding between lithium and sodium salts: influence of covalency on their solubility},
    year = {2017},
    journal = {Phys. Chem. Chem. Phys.},
    volume = {19},
    pages = {17366-17372}
}

@article{na-dft-5,
    author = {Eilmes, A. and Kubisiak, P.},
    title = {Quantum-Chemical and Molecular Dynamics Study of M$^{+}$ [TOTO]$^{-}$ (M = Li, Na, K) Ionic Liquids},
    year = {2013},
    journal = {J. Phys. Chem. B},
    volume = {117},
    pages = {12583-12592}
}

@article{na-dft-6,
    author = {Bitner-Michalska, A. and Nolis, G. M. and Żukowska, G. and Zalewska, A. and Poterała, M. and Trzeciak, T. and Dranka, M. and Kalita, M. and Jankowski, P. and Niedzicki, L. and Zachara, J. and Marcinek, M. and Wieczorek, W.},
    title = {Fluorine-free electrolytes for all-solid sodium-ion batteries based on percyano-substituted organic salts},
    year = {2017},
    journal = {Scientific Reports},
    volume = {7},
    pages = {40036}
}

@article{na-dft-7,
    author = {Okoshi, M. and Yamada, Y. and Komaba, S. and Yamada, A. and Nakai, H.},
    title = {Theoretical Analysis of Interactions between Potassium Ions and Organic Electrolyte Solvents: A Comparison with Lithium, Sodium, and Magnesium Ions},
    year = {2017},
    journal = {J. Electrochem. Soc.},
    volume = {164},
    pages = {A54}
}

@article{na-dft-8,
    author = {Browning, K. L. and Sacci, R. L. and Veith, G. M.},
    title = {Energetics of Na$^{+}$ Transport through the Electrode/Cathode Interface in Single Solvent Electrolytes},
    year = {2017},
    journal = {J. Electrochem. Soc.},
    volume = {164},
    pages = {A580}
}

@article{na-dft-9,
    author = {Shakourian-Fard, M. and Kamath, G. and Smith, K. and Xiong, H. and Sankaranarayanan, S. K. R. S.},
    title = {Trends in Na-Ion Solvation with Alkyl-Carbonate Electrolytes for Sodium-Ion Batteries: Insights from First-Principles Calculations},
    year = {2015},
    journal = {J. Phys. Chem. C},
    volume = {119},
    pages = {22747-22759}
}

@article{na-dft-10,
    author = {De, S. and Boda, A. and Ali, S. M.},
    title = {Preferential interaction of charged alkali metal ions (guest) within a narrow cavity of cyclic crown ethers (neutral host): A quantum chemical investigation},
    year = {2010},
    journal = {J. Molec. Struct.: THEOCHEM},
    volume = {941},
    pages = {90-101}
}

@article{na-dft-11,
    author = {Mukai, K. and Inoue, T. and Kato, Y. and Shirai, S.},
    title = {Superior Low-Temperature Power and Cycle Performances of Na-Ion Battery over Li-Ion Battery},
    year = {2017},
    journal = {ACS Omega},
    volume = {2},
    pages = {864-872}    
}

@article{na-dft-12,
    author = {Mandai, T. and Nozawa, R. and Tsuzuki, K. and Ueno, K. and Dokko, K. and Watanabe, M.},
    title = {Phase Diagrams and Solvate Structures of Binary Mixtures of Glymes and Na Salts},
    year = {2013},
    journal = {J. Phys. Chem. B},
    volume = {117},
    pages = {15072-15085}
}

@article{na-dft-13,
    author = {Terada, S. and Mandai, T. and Nozawa, R. and Yoshida, K. and Ueno, K. and Tsuzuki, S. and Dokko, K. and Watanabe, M.},
    title = {Physicochemical properties of pentaglyme-sodium bis(trifluoromethanesulfo-nyl)amide solvate ionic liquid},
    year = {2014},
    journal = {Phys. Chem. Chem. Phys.},
    volume = {16},
    pages = {11737-11746}
}

@article{na-dft-14,
    author = {Mandai, T. and Yoshida, K. and Tsuzuki, S. and Nozawa, R. and Masu, H. and Ueno, K. and Dokko, K. and Watanabe, M.},
    title = {Effect of Ionic Size on Solvate Stability of Glyme-Based Solvate Ionic Liquids},
    year = {2015},
    journal = {J. Phys. Chem. B},
    volume = {119},
    pages = {1523-1534}
}

@article{na-dft-15,
    author = {Terada, S. and Mandai, T. and Suzuki, S. and Tsuzuki, S. and Watanabe, K. and Kamei, Y. and Ueno, K. and Dokko, K. and Watanabe, M.},
    title = {Thermal and Electrochemical Stability of Tetraglyme-Magnesium Bis(trifluoromethanesulfo-nyl)amide Complex: Electric Field Effect of Divalent Cation on Solvate Stability},
    year = {2016},
    journal = {J. Phys. Chem. C},
    volume = {120},
    pages = {1353-1365}
}

@article{na-dft-16,
    author = {Tsuzuki, S. and Mandai, T. and Suzuki, S. and Shinoda, W. and Nakamura, T. and Morishita, T. and Ueno, K. and Seki, S. and Umebayashi, Y. and Dokko, K. and Watanabe, M.},
    title = {Effect of the cation on the stability of cation–glyme complexes and their interactions with the [TFSA]$^{-}$ anion},
    year = {2017},
    journal = {Phys. Chem. Chem. Phys.},
    volume = {19},
    pages = {18262-18272}
}

@article{na-dft-17,
    author = {Johansson, P. and Gejji, S. P. and Tegenfeldt, J. and Lindgren, J.},
    title = {Local coordination and conformation in polyether electrolytes: Geometries of M-triglyme complexes (M = Li, Na, K, Mg and Ca) from ab-initio molecular orbital calculations},
    year = {1996},
    journal = {Solid State Ionics},
    volume = {86-88},
    pages = {297-302}
}

@article{na-dft-18,
    author = {Dhumal, N. R. and Gejji, S. P.},
    title = {Theoretical studies in local coordination and vibrational spectra of M$^{+}$CH$_{3}$O(CH$_2$CH$_2$O)$_n$CH$_3$ (n = 2-7) complexes (M = Na, K, Mg and Ca)},
    year = {2006},
    jorunal = {Chem. Phys.},
    volume = {323},
    pages = {595-605}
}

@article{na-dft-19,
    author = {Memboeuf, A. and V{\'{e}}key, K. and Lendvay, G.},
    title = {Structure and Energetics of Poly(Ethylene Glycol) Cationized by Li$^{+}$, Na$^{+}$, K$^{+}$ and Cs$^{+}$: A First-Principles Study},
    journal = {Eur. J. Mass. Spectrom.},
    year = {2011},
    volume = {17},
    pages = {33-46}
}

@article{na-dft-20,
    author = {Dhumal, N. R. and Gejji, S. P.},
    title = {Molecular interactions and vibrations in CH$_3$(OCH$_2$CH$_2$)$_2$-O-CH$_3$-M$^{+}$-X$^{-}$ (M = Li, Na, K and X = PF6, AsF6, SbF6): An ab initio study},
    year = {2008},
    journal = {J. Molec. Struct.: THEOCHEM},
    volume = {859},
    pages = {86-92}
}

@article{na-dft-21,
    author = {Dhumal, N. R. and Gejji, S. P.},
    title = {Theoretical studies on blue versus red shifts in diglyme-M$^{+}$-X$^{-}$ (M=Li, Na, K and X=BF$_4$, ClO$_4$, SCN)},
    year = {2006},
    journal = {J. Molec. Struct.: THEOCHEM},
    volume = {758},
    pages = {233-240}
}

@article{na-dft-22,
    author = {Kaulgud, T. V. and Dhumal, N. R. and Gejji, S. P.},
    title = {Electronic Structure and Normal Vibrations of CH$_3$(OCH$_2$CH$_2$)$_n$OCH$_3$-M$^{+}$-CF$_3$SO$_3^{-}$ (n = 2-4, M = Li, Na, and K)},
    year = {2006},
    journal = {J. Phys. Chem. A},
    volume = {110},
    pages = {9231-9239}
}

@article{na-dft-23,
    author = {Dhumal, N. R. and Gejji, S. P.},
    title = {Theoretical Studies on Blue versus Red Shifts in Diglyme-M$^{+}$-X$^{-}$ (M=Li, Na, and K and X=CF$_3$SO$_3$, PF$_6$ and (CF$_3$SO$_2$)$_2$N)},
    year = {2006},
    journal = {J. Phys. Chem. A},
    volume = {110},
    pages = {219-227}
}

@article{mg-dft-1,
    author = {Jankowski, P. and Lastra, J. M. G. L. and Vegge, T.},
    title = {Structure of Magnesium Chloride Complexes in Ethereal Systems: Computational Comparison of THF and Glymes as Solvents for Magnesium Battery Electrolytes},
    year = {2020},
    journal = {Batteries {\&} Supercaps},
    volume = {3},
    pages = {1350-1359}
}

@article{mg-dft-2,
    author = {Rajput, N. N. and Qu, X. and Sa, N. and Burrell, A. K. and Persson, K. A.},
    title = {The Coupling between Stability and Ion Pair Formation in Magnesium Electrolytes from First-Principles Quantum Mechanics and Classical Molecular Dynamics},
    year = {2015},
    journal = {J. Am. Chem. Soc.},
    volume = {137},
    pages = {3411-3420}
}

@article{mg-dft-3,
    author = {Kimura, T. and Fujii, K. and Sato, Y. and Morita, M. and Yoshimoto, N.},
    title = {Solvation of Magnesium Ion in Triglyme-Based Electrolyte Solutions},
    year = {2015},
    journal = {J. Phys. Chem. C},
    volume = {119},
    pages = {18911-18917}
}

@article{mg-dft-4,
    author = {Fujii, K. and Sogawa, M. and Yoshimoto, N. and Morita, M.},
    title = {Structural Study on Magnesium Ion Solvation in Diglyme-Based Electrolytes: IR Spectroscopy and DFT Calculations},
    year = {2018},
    journal = {J. Phys. Chem. B},
    volume = {122},
    pages = {8712-8717}
}

@article{mg-dft-5,
    author = {Baskin, A. and Prendergast, D.},
    title = {Exploration of the Detailed Conditions for Reductive Stability of Mg(TFSI)$_2$ in Diglyme: Implications for Multivalent Electrolytes},
    year = {2016},
    journal = {J. Phys. Chem. C},
    volume = {120},
    pages = {3583-3594}
}

@article{mg-dft-6,
    author = {Qu, X. and Zhang, Y. and Rajput, N. N. and Jain, A. and Maginn, E. and Persson, K. A.},
    title = {Computational Design of New Magnesium Electrolytes with Improved Properties},
    year = {2017},
    journal = {J. Phys. Chem. C},
    volume = {121},
    pages = {16126-16136}
}

@article{na-md-1,
    author = {Kamath, G. and Cutler, R. W. and Deshmukh, S. A. and Shakourian-Fard, M. and Parrish, R. and Huether, J. and Butt, D. P. and Xiong, H. and Sankaranarayanan, S. K. R. S.},
    title = {In Silico Based Rank-Order Determination and Experiments on Nonaqueous Electrolytes for Sodium Ion Battery Applications},
    year = {2014},
    journal = {J. Phys. Chem. C},
    volume = {118},
    pages = {13406-13416}
}

@article{na-md-2,
    author = {Spångberg, D. and Hermansson, K.},
    title = {The solvation of Li$^{+}$ and Na$^{+}$ in acetonitryle from ab initio-derived many-body solvent potentials},
    journal = {Chem. Phys.},
    year = {2004},
    volume = {300},
    pages = {165-176}
}

@article{na-md-3,
    author = {He, M. and Lau, K. C. and Ren, X. and Xiao, N. and McCulloch, W. D. and Curtiss, L. A. and Wu, Y.},
    title = {Concentrated Electrolyte for the Sodium–Oxygen Battery: Solvation Structure and Improved Cycle Life},
    year = {2016},
    journal = {Angewandte Chemie},
    volume = {55},
    pages = {15310-15314}
}

@article{na-md-4,
    author = {Troxler, L. and Wipff, G.},
    title = {Conformation and Dynamics of 18-Crown-6, Cryptand 222 and Their Cation Complexes in Acetonitrile Studied by Molecular Dynamics Simulations},
    year = {1994},
    journal = {J. Am. Chem. Soc.},
    volume = {116},
    pages = {1468-1480}
}

@article{na-md-5,
    author = {Cabaleiro-Lago, E. and R{\'{i}}os, M. A.},
    title = {An intermolecular potential function for Na$^{+}$–acetoni-trile obtained from ab initio calculations.: Application to liquid simulations},
    year = {1998},
    journal = {Chem. Phys.},
    volume = {236},
    pages = {235-242}
}

@article{na-md-6,
    author = {Flores, E. and Åvall, G. and Jeschke, S. and Johansson, P.},
    title = {Solvation structure in dilute to highly concentrated electrolytes for lithium-ion and sodium-ion batteries},
    journal = {Electrochim. Acta},
    year = {2017},
    volume = {233},
    pages = {134-141}
}

@article{na-md-7,
    author = {Takenaka N. and Sakai, H. and Suzuki, Y. and Uppula, P. and Nagaoka, M.},
    title = {A Computational Chemical Insight into Microscopic Additive Effect on Solid Electrolyte Interphase Film Formation in Sodium-Ion Batteries: Suppression of Unstable Film Growth by Intact Fluoroethylene Carbonate},
    year = {2015},
    journal = {J. Phys. Chem. C},
    volume = {119},
    pages = {18046-18055}
}

@article{na-md-8,
    author = {Vicent-Luna, J. M. and Ortiz-Roldan, J. M. and Hamad, S. and Tena-Zaera, R. and Calero, S. and Anta, J. A.},
    title = {Quantum and Classical Molecular Dynamics of Ionic Liquid Electrolytes for Na/Li-based Batteries: Molecular Origins of the Conductivity Behavior},
    journal = {ChemPhysChem},
    year = {2016},
    volume = {17},
    pages = {2473-2481}
}

@article{na-md-9,
    author = {Chen, F. and Forsyth, M.},
    title = {Elucidation of transport mechanism and enhanced alkali ion transference numbers in mixed alkali metal–organic ionic molten salts},
    journal = {Phys. Chem. Chem. Phys.},
    year = {2016},
    volume = {18},
    pages = {19336-19344}
}

@article{na-md-10,
    author = {Dong, H. and Hyun, J.-K. and Rhodes, C. P. and Frech, R. and Wheeler, R. A.},
    title = {Molecular Dynamics Simulations and Vibrational Spectroscopic Studies of Local Structure in Tetraglyme: Sodium Triflate (CH$_3$O(CH$_2$CH$_2$O)$_4$CH$_3$:NaCF$_3$SO$_3$) Solutions},
    year = {2002},
    journal = {J. Phys. Chem. B},
    volume = {106},
    pages = {4878-4885}
}

@article{na-md-11,
    author = {van Zon, A. and Mos, B. and Verkerk, P. and de Leeuw, S. W.},
    title = {On the dynamics of PEO-NaI polymer electrolytes},
    year = {2001},
    volume = {46},
    pages = {1717-1721}
}

@article{na-md-12,
    author = {van Zon, A. and Bel, G.-J. and Mos, B. and Verkerk, P. and de Leeuw, S. W.},
    title = {Structural relaxation in poly(ethylene oxide)-salt solutions},
    year = {2000},
    journal = {Comput. Mater. Sci.},
    volume = {17},
    pages = {265-268}
}

@article{na-md-13,
    author = {de Jonge, J. J. and van Zon, A. and de Leeuw, S. W.},
    title = {Molecular dynamics study of the influence of the polarizability in PEO$_x$-NaI polymer electrolyte systems},
    year = {2002},
    volume = {147},
    pages = {349-359}
}

@article{na-md-14,
    author = {Lin, K.-J. and Maranas, J. K.},
    title = {Cation Coordination and Motion in a Poly(ethylene oxide)-Based Single Ion Conductor},
    year = {2012},
    journal = {Macromolecules},
    volume = {45},
    pages = {6230-6240}
}

@article{na-md-15,
    author = {Lin, K.-J. and Maranas, J. K.},
    title = {Does increasing ion-ion association improve cation mobility in single ion conductors?},
    year = {2013},
    journal = {Phys. Chem. Chem. Phys.},
    volume = {15},
    pages = {16143-16151}
}

@article{na-md-16,
    author = {Lin, K.-J. and Li, K. and Maranas, J. K.},
    title = {Differences between polymer/salt and single ion conductor solid polymer electrolytes},
    year = {2013},
    journal = {RSC Adv.},
    volume = {3},
    pages = {1564-1571}
}

@article{na-md-17,
    author = {Lin, K.-J. and Maranas, J. K.},
    title = {Superionic behavior in polyethylene-oxide-based single-ion conductors},
    year = {2013},
    journal = {Phys. Rev. E},
    volume = {88},
    pages = {052602}
}

@article{mg-md-1,
    author = {Kubisiak, P. and Eilmes, A.},
    title = {Solvation of Mg$^{2+}$ Ions in Mg(TFSI)$_2$-Dimethoxyethane Electrolytes - A View from Molecular Dynamics Simulations},
    year = {2018},
    journal = {J. Phys. Chem. C},
    volume = {122},
    pages = {12615-12622}
}

@article{mg-md-2,
    author = {Vasudevan, V. and Wang, M. and Yuwono, J. A. and Jasieniak, J. and Birbilis, N. and Medhekar, N. V.},
    title = {Ion Agglomeration and Transport in MgCl$_2$-Based Electrolytes for Rechargeable Magnesium Batteries},
    year = {2019},
    journal = {J. Phys. Chem. Lett.},
    volume = {10},
    pages = {7856-7862}
}

@article{aimd-spectra-review,
    author = {Saielli, G.},
    title = {Computational Spectroscopy of Ionic Liquids for Bulk Structure Elucidation},
    year = {2018},
    journal = {Adv. Theory Simul.},
    volume = {1},
    pages = {1800084}
}

@article{aimd-kirchner,
    author = {Thomas, M. and Brehm, M. and Fligg, R. and V{\"{o}}hringer, P. and Kirchner, B.},
    title = {Computing vibrational spectra from ab initio molecular dynamics},
    year = {2013},
    journal = {Phys. Chem. Chem. Phys.},
    volume = {15},
    pages = {6608-6622}
}

@article{aimd-spectrum-1,
    author = {Kiefer, J. and Noack, K. and Penna, T. C. and Ribeiro, M. C. C. and Weber, H. and Kirchner, B.},
    title = {Vibrational signatures of anionic cyano groups in imidazolium ionic liquids},
    year = {2017},
    journal = {Vib. Spectrosc.},
    volume = {91},
    pages = {141-146}
}

@article{aimd-spectrum-2,
    author = {Brehm, M. and Sebastiani, D.},
    title = {Simulating structure and dynamics in small droplets of 1-ethyl-3-methylimidazolium acetate},
    year = {2018},
    journal = {J. Chem. Phys.},
    volume = {148},
    pages = {193802}
}

@article{aimd-spectrum-3,
    author = {Campetella, M. and Donne, A. L. and Daniele, M. and Gontrani, L. and Lupi, S. and Bodo, E. and Leonelli, F.},
    title = {Hydrogen Bonding Features in Cholinium-Based Protic Ionic Liquids from Molecular Dynamics Simulations},
    year = {2018},
    journal = {J. Phys. Chem. B},
    volume = {122},
    pages = {2635-2645}
}

@article{aimd-spectrum-4,
    author = {Daku, L. M. L.},
    title = {Spin-state dependence of the structural and vibrational properties of solvated iron({\textsc{ii}}) polypyridyl complexes from AIMD simulations: aqueous [Fe(bpy)$_3$]Cl$_2$, a case study},
    year = {2018},
    journal = {Phys. Chem. Chem. Phys.},
    volume = {20},
    pages = {6236-6253}
}

@article{aimd-spectrum-5,
    author = {Brehm, M. and Thomas, M.},
    title = {Computing Bulk Phase Resonance Raman Spectra from ab Initio Molecular Dynamics and Real-Time TDDFT},
    year = {2019},
    journal = {J. Chem. Theory Comput.},
    volume = {15},
    pages = {3901-3905}
}

@article{aimd-spectrum-6,
    author = {Fischer, S. A. and Ueltschi, T. W. and El-Khoury, P. Z. and Mifflin, A. L. and Hess, W. P. and Wang, H.-F. and Cramer, C. J. and Govind, N.},
    title = {Infrared and Raman Spectroscopy from Ab Initio Molecular Dynamics and Static Normal Mode Analysis: The C-H Region of DMSO as a Case Study},
    year = {2016},
    journal = {J. Phys. Chem. B},
    volume = {120},
    pages = {1429-1436}
}

@article{aimd-spectrum-7,
    author = {Yan, F. and Mukherjee, K. and Maroncelli, M. and Kim, H. J.},
    title = {Infrared Spectroscopy of Li$^{+}$ Solvation in EmimBF$_4$ and in Propylene Carbonate: Ab Initio Molecular Dynamics and Experiment},
    year = {2022},
    journal = {J. Phys. Chem. B},
    volume = {126},
    pages = {9643-9662}
}

@article{aimd-spectrum-8,
    author = {Aamouche, A. and Ghomi, M. and Coulombeau, C. and Jobic, H. and Grajcar, L. and Baron, M. and Baumruk, V. and Turpin, P. Y. and Henriet, C. and Berthier, G.},
    title = {Neutron Inelastic Scattering, Optical Spectroscopies and Scaled Quantum Mechanical Force Fields for Analyzing the Vibrational Dynamics of Pyrimidine Nucleic Acid Bases. 1. Uracil},
    year = {1996},
    journal = {J. Phys. Chem.},
    volume = {100},
    pages = {5224-5234}
}

@article{cpmd,
    author = {Andreoni, W. and Curioni, A.},
    title = {New advances in chemistry and materials science with CPMD and parallel computing},
    journal = {Parallel Computing},
    year = {2000},
    volume = {26},
    pages = {819-842}
}

@article{cpmd-spectrum-1,
    author = {Bhargava, B. L. and Balasubramanian, S.},
    title = {Insights into the Structure and Dynamics of a Room-Temperature Ionic Liquid: Ab Initio Molecular Dynamics Simulation Studies of 1-n-Butyl-3-methylimidazolium Hexafluorophosphate ([bmim][PF$_6$]) and the [bmim][PF$_6$]-CO$_2$ Mixture},
    year = {2007},
    journal = {J. Phys. Chem. B},
    volume = {111},
    pages = {4477-4487}
}

@article{dftb-spectrum-1,
    author = {Zentel, T. and Overbeck, V. and Michalik, D. and K{\"{u}}hn, O. and Ludwig, R.},
    title = {Hydrogen bonding in protic ionic liquids: structural correlations, vibrational spectroscopy, and rotational dynamics of liquid ethylammonium nitrate},
    year = {2018},
    journal = {J. Phys. B At. Mol. Opt. Phys.},
    volume = {51},
    pages = {034002}
}

@article{dftb-spectrum-2,
    author = {Sakti, A. W. and Wahyudi, S. T. and Ahmad, F. and Darmawan, N. and Hardhienata, H. and Alatas, H.},
    title = {Effects of Salt Concentration on the Water and Ion Self-Diffusion Coefficients of a Model Aqueous Sodium-Ion Battery Electrolyte},
    year = {2022},
    journal = {J. Phys. Chem. B},
    volume = {126},
    pages = {2256-2264}
}

@book{nalewajski-perspectives,
    author = {Nalewajski, R. F.},
    title = {Perspectives in Electronic Structure Theory},
    year = {2012},
    publisher = {Springer},
    pages = {125-130, 258-266, 280-284, 312-319}
}

@book{jensen,
    author = {Jensen, F.},
    title = {Introduction to Computational Chemistry},
    year = {2007},
    publisher = {John Wiley \& Sons, Ltd},
    pages = {24-62, 451-460}
}

@article{ff-uff,
    author = {Rappe, A. K. and Casewit, C. J. and Colwell, K. S. and Goddard III, W. A. and Skiff, W. M.},
    title = {UFF, a full periodic table force field for molecular mechanics and molecular dynamics simulations},
    year = {1992},
    journal = {J. Am. Chem. Soc.},
    volume = {114},
    pages = {10024-10035}
}

@book{tinker,
	author = {Rackers, J. A. and Laury, M. L. and Lu, C. and Wang, Z. and Lagard{`{e}}re, L. and Piquemal, J.-P. and Ren, P. and Ponder, J. W.},
	title = {TINKER 8: A Modular Software Package for Molecular Design and Simulation},
	date = {2017},
}

@article{namd,
	author = {Phillips, J. C. and Braun, R. and Wang, W. and Gumbart, J. and Tajkhorshid, E. and Villa, E. and Chipot, C. and Skeel, R. D. and Kale, L. and Schulten, K.},
        title = {Scalable Molecular Dynamics with NAMD},
	journal = {J. Comp. Chem.},
	date = {2005},
	volume = {26},
	pages = {1781-1802},
}

@article{gromacs,
    author = {Abraham, M. J. and Murtola, T. and Schulz, R. and P{\'{a}}ll, S. and Smith, J. C. and Hess, B. and Lindahl, E.},
    title = {GROMACS: High performance molecular simulations through multi-level parallelism from laptops to supercomputers},
    year = {2015},
    journal = {SoftwareX},
    pages = {19-25}
}

@book{amber,
    author = {Case, D.A. and Aktulga, H.M. and Belfon, K. and Ben-Shalom, I.Y. and Berryman, J.T. and Brozell, S. R. and Cerutti, D. S. and Cheatham III, T. E. and Cisneros, G. A. and Cruzeiro, V. W. D. and Darden, T. A. and Forouzesh, N. and Giamba{\c{s}}u, G. and Giese, T. and Gilson, M. K. and Gohlke, H. and Goetz, A. W. and Harris, J. and Izadi, S. and Izmailov, S. A. and Kasavajhala, K. and Kaymak, M. C. and King, E.},
    title = {Amber 2023},
    year = {2023},
    publisher = {University of California, San Francisco},
}

@article{charmm,
    author = {Brooks, B. R. and Brooks III, C. L. and Mackerell Jr., A. D. and Nilsson, L. and Petrella, R. J. and Roux, B. and Won, Y. and Archontis, G. and Bartels, C. and Boresch, S. and Caflisch, A. and Caves, L. and Cui, Q. and Dinner, A. R. and Feig, M. and Fischer, S. and Gao, J. and Hodoscek, M. and Im, W. and Kuczera, K. and Lazaridis, T. and Ma, J. and Ovchinnikov, V. and Paci, E. and Pastor, R. W. and Post, C. B. and Pu, J. Z. and Schaefer, M. and Tidor, B. and Venable, R. M. and Woodcock, H. L. and Wu, X. and Yang, W. and York, D. M. and Karplus, M.},
    title = {CHARMM: The biomolecular simulation program},
    year = {2009},
    journal = {J. Comp. Chem.},
    volume = {30},
    pages = {1545-1614}
}

@article{lammps,
    author = {Thompson, A. P. and Aktulga, H. M.},
    %Aidan P. Thompson and H. Metin Aktulga and Richard Berger and Dan S. Bolintineanu and W. Michael Brown and Paul S. Crozier and Pieter J. {in 't Veld} and Axel Kohlmeyer and Stan G. Moore and Trung Dac Nguyen and Ray Shan and Mark J. Stevens and Julien Tranchida and Christian Trott and Steven J. Plimpton},
    title = {LAMMPS - a flexible simulation tool for particle-based materials modeling at the atomic, meso, and continuum scales},
    year = {2022},
    journal = {Comp. Phys. Comm.},
    volume = {271},
    pages = {108171}
}

@article{cpmd-software,
    author = {Hutter, J. and Iannuzzi, M.},
    title = {CPMD: Car-Parinello molecular dynamics},
    year = {2005},
    journal = {Zeitschrift f{\"{u}}r Kristallographie - Crystalline Materials},
    volume = {220},
    pages = {549-551}
}

@article{cp2k,
    author = {Kühne, Thomas D. and Iannuzzi, Marcella and Del Ben, Mauro and Rybkin, Vladimir V. and Seewald, Patrick and Stein, Frederick and Laino, Teodoro and Khaliullin, Rustam Z. and Schütt, Ole and Schiffmann, Florian and Golze, Dorothea and Wilhelm, Jan and Chulkov, Sergey and Bani-Hashemian, Mohammad Hossein and Weber, Valéry and Borštnik, Urban and Taillefumier, Mathieu and Jakobo-vits, Alice Shoshana and Lazzaro, Alfio and Pabst, Hans and Müller, Tiziano and Schade, Robert and Guidon, Manuel and Andermatt, Samuel and Holmberg, Nico and Schenter, Gregory K. and Hehn, Anna and Bussy, Augustin and Belleflamme, Fabian and Tabacchi, Gloria and Glöß, Andreas and Lass, Michael and Bethune, Iain and Mundy, Christopher J. and Plessl, Christian and Watkins, Matt and VandeVondele, Joost and Krack, Matthias and Hutter, Jürg},
    title = "{CP2K: An electronic structure and molecular dynamics software package - Quickstep: Efficient and accurate electronic structure calculations}",
    journal = {J. Chem. Phys.},
    volume = {152},
    year = {2020},
    pages = {194103}
}

@article{quantum-espresso-1,
    author = {Giannozzi, P. and Baroni, S. and Bonini, N. and Calandra, M. and Car, R. and Cavazzoni, C. and Ceresoli, D. and Chiarotti, G. L. and Cococcioni, M. and Dabo, I.},
    title = {QUANTUM ESPRESSO: a modular and open-source software project for quantum simulations of materials},
    year = {2009},
    journal = {J. Phys.: Condens. Matter},
    volume = {21},
    pages = {395502}
}

@article{quantum-espresso-2,
    author = {Giannozzi, P. and Andreussi, O. and Brumme, T. and Bunau, O. and Nardelli, M. B. and Calandra, M. and Car, R. and Cavazzoni, C. and Ceresoli, D. and Cococcioni, M.},
    title = {Advanced capabilities for materials modelling with Quantum ESPRESSO},
    year = {2017},
    journal = {J. Phys.: Condens. Matter},
    volume = {29},
    pages = {465901}
}

@article{goedecker-1,
    author = {Goedecker, S. and Terer, M. and Hutter, J.},
    title = {Separable dual-space Gaussian pseudopotentials},
    year = {1996},
    journal = {Phys. Rev. B},
    volume = {54},
    pages = {1703}
}

@article{goedecker-2,
    author = {Hartwigsen, C. and Goedecker, S. and Hutter, J.},
    title = {Relativistic separable dual-space Gaussian pseudopotentials from H to Rn},
    year = {1998},
    journal = {Phys. Rev. B},
    volume = {58},
    pages = {3641}
}

@article{goedecker-3,
    author = {Krack, M.},
    title = {Pseudopotentials for H to Kr optimized for gradient-corrected exchange-correlation functionals},
    year = {2005},
    journal = {Theor. Chem. Acc.},
    volume = {114},
    pages = {145-152}
}

@book{ab-initio-marx-hutter,
    author = {Marx, D. and Hutter, J.},
    title = {Ab Initio Molecular Dynamics},
    year = {2009},
    publisher = {Cambridge University Press},
    pages = {24-51, 85-89, 179-183}
}

@book{piela,
    author = {Piela, L.},
    title = {Idee chemii kwantowej},
    year = {2011},
    publisher = {PWN},
    pages = {378-383}
}

@article{nose-hoover-1,
    author = {Hoover, W. G.},
    title = {Canonical dynamics: Equilibrium phase-space distributions},
    journal = {Phys. Rev. A},
    volume = {31},
    year = {1985},
    pages = {1695-1697}
}

@article{nose-hoover-2,
    author = {Nos{\'{e}}, S.},
    title = {A unified formulation of the constant temperature molecular dynamics methods},
    year = {1984},
    journal = {J. Chem. Phys.},
    volume = {81},
    pages = {511-519}
}

@article{nose-hoover-3,
    author = {Nos{\'{e}}, S.},
    title = {A molecular dynamics method for simulations in the canonical ensemble},
    year = {1984},
    journal = {Mol. Phys.},
    volume = {52},
    pages = {255-268}
}

@article{nose-hoover-4,
    author = {Hirakawa, T. and Suzuki, T. and Bowler, D. R. and Miyazaki, T.},
    title = {Canonical-ensemble extended Lagrangian Born–Oppenheimer molecular dynamics for the linear scaling density functional theory},
    year = {2017},
    journal = {J. Phys.: Condens. Matter},
    volume = {29},
    pages = {405901}
}

@article{nose-hoover-5,
    author = {Martyna, G. J. and Klein, M. L. and Tuckerman, M.},
    title = {Nos{\'{e}}–Hoover chains: The canonical ensemble via continuous dynamics},
    year = {1992},
    jorunal = {J. Chem. Phys.},
    volume = {97},
    pages = {2635-2643}
}

@article{nose-hoover-6,
    author = {Martyna, G. J. and Tuckerman, M. E. and Tobias, D. J. and Klein, M. L.},
    title = {Explicit reversible integrators for extended systems dynamics},
    year = {1996},
    journal = {Mol. Phys.},
    volume = {87},
    pages = {1117-1157}
}

@book{statistical-mechanics,
    author = {McQuarrie, D. A.},
    title = {Statistical Mechanics},
    publisher = {Harper\&Row},
    year = {1976},
    pages = {257-260}
}

@article{rdf-histogram,
    author = {Levine, B. G. and Stone, J. E. and Kohlmeyer, A.},
    title = {Fast analysis of molecular dynamics trajectories with graphics processing units—Radial distribution function histogramming},
    year = {2011},
    journal = {J. Comput. Phys.},
    volume = {230},
    pages = {3556-3569}
}

@article{ir-md-method-1,
    author = {Guillot, B.},
    title = {A molecular dynamics study of the far infrared spectrum of liquid water},
    year = {1991},
    journal = {J. Chem. Phys.},
    volume = {95},
    pages = {1543-1551}
}

@article{ir-md-method-2,
    author = {Gordon, R. G.},
    title = {Molecular Motion in Infrared and Raman Spectra},
    year = {1965},
    journal = {J. Chem. Phys.},
    volume = {43},
    pages = {1307-1312}
}

@article{ir-md-method-3,
    author = {Ram{\'{i}}rez, R. and L{\'{o}}pez-Ciudad, T. and Kumar P, P. and Marx, D.},
    title = {Quantum corrections to classical time-correlation functions: Hydrogen bonding and anharmonic floppy modes},
    year = {2004},
    journal = {J. Chem. Phys.},
    volume = {121},
    pages = {3973-3983}
}

@article{ir-md-method-4,
    author = {Lawrence, C. P. and Nakayama, A. and Makri, N. and Skinner, J. L.},
    title = {Quantum dynamics in simple fluids},
    year = {2004},
    journal = {J. Chem. Phys.},
    volume = {120},
    pages = {6621-6624}
}

@article{dft,
    author = {Hohenberg, P. and Kohn, W.},
    title = {Density functional theory (DFT)},
    journal = {Phys. Rev. A},
    year = {1964},
    volume = {136},
    pages = {864-871}
}

@article{pbe-1,
    author = {Perdew, J. P. and Burke, K. and Ernzerhof, M.},
    title = {Generalized Gradient Approximation Made Simple},
    year = {1996},
    journal = {Phys. Rev. Lett.},
    volume = {78},
    pages = {1396}
}

@article{pbe-2,
    author = {Perdew, J. P. and Burke, K. and Wang, Y.},
    title = {Generalized gradient approximation for the exchange-correlation hole of a many-electron system},
    year = {1996},
    journal = {Phys. Rev. B},
    volume = {54},
    pages = {16533}
}

@article{pbe-3,
    author = {Perdew, J. P. and Ernzerhof, M. and Burke, K.},
    title = {Rationale for mixing exact exchange with density functional approximations},
    year = {1996},
    journal = {J. Chem. Phys.},
    volume = {105},
    pages = {9982-9985}
}

@article{pbe-4,
    author = {Burke, K. and Ernzerhof, M. and Perdew, J. P.},
    title = {The adiabatic connection method: a non-empirical hybrid},
    year = {1997},
    journal = {Chem. Phys. Lett.},
    volume = {265},
    pages = {115-120}
}

@article{grimme-d3,
    author = {Grimme, S. and Antony, J. and Ehrlich, S. and Krieg, H.},
    title = {A consistent and accurate ab initio parametrization of density functional dispersion correction (DFT-D) for the 94 elements H-Pu},
    year = {2010},
    journal = {J. Chem. Phys.},
    volume = {132},
    pages = {154104}
}

@article{wannier,
    author = {Marzari, N. and Mostofi, A. A. and Yates, J. R. and Souza, I. and Vanderbilt, D.},
    title = {Maximally localized Wannier functions: Theory and applications},
    year = {2012},
    journal = {Rev. Mod. Phys.},
    volume = {84},
    pages = {1419}
}

@article{b3lyp-1,
    author = {Becke, A. D.},
    title = {A new mixing of Hartree–Fock and local density‐functional theories},
    year = {1993},
    journal = {J. Chem. Phys.},
    volume = {98},
    pages = {1372-1377}
}

@article{b3lyp-2,
    author = {Becke, A. D.},
    title = {Density‐functional thermochemistry. IV. A new dynamical correlation functional and implications for exact‐exchange mixing},
    year = {1996},
    journal = {J. Chem. Phys.},
    volume = {104},
    pages = {1040-1046}
}

@article{b3lyp-3,
    author = {Becke, A. D.},
    title = {Density-functional thermochemistry. V. Systematic optimization of exchan-ge-correlation functionals},
    year = {1997},
    journal = {J. Chem. Phys.},
    volume = {107},
    pages = {8554-8560}
}

@article{b3lyp-4,
    author = {Ernzerhof, M.},
    title = {Construction of the adiabatic connection},
    year = {1996},
    journal = {Chem. Phys. Lett.},
    volume = {263},
    pages = {499-506}
}

@article{dftb-for-beginners,
    author = {Koskinen, P. and M{\"{a}}kinen, V.},
    title = {Density-functional tight-binding for beginners},
    year = {2009},
    journal = {Comput. Mat. Sci.},
    volume = {47},
    pages = {237-253}
}

@article{dftb-1,
    author = {Matthew, W. and Foulkes, C. and Haydock, R.},
    title = {Tight-binding models and density-functional theory},
    year = {1989},
    journal = {Phys. Rev. B},
    volume = {39},
    pages = {12520-12536}
}

@article{dftb-2,
    author = {Elstner, M. and Porezag, D. and Jungnickel, G. and Elsner, J. and Haugk, M. and Frauenheim, T. and Suhai, S. and Seifert, G.},
    title = {Self-consistent-charge density-functional tight-binding method for simulations of complex materials properties},
    year = {1998},
    journal = {Phys. Rev. B},
    volume = {58},
    pages = {7260}
}

@article{dftb-3,
    author = {Frauenheim, T. and Seifert, G. and Elstner, M. and Niehaus, T. and K{\"{o}}hler, C. and Amkreutz, M. and Sternberg, M. and Hajnal, Z. and Di Carlo, A. and Suhai, S.},
    title = {Atomistic simulations of complex materials: ground-state and excited-state properties},
    year = {2002},
    journal = {J. Phys. Condens. Matter},
    volume = {14},
    pages = {3015-3047}
}

@article{dftb-third-order,
    author = {Gaus, M. and Cui, Q. and Elstner, M.},
    title = {DFTB3: Extension of the Self-Consistent-Charge Density-Functional Tight-Binding Method (SCC-DFTB)},
    year = {2011},
    journal = {J. Chem. Theory Comput.},
    volume = {7},
    pages = {931-948}
}

@article{dftb-plus,
    author = {Hourahine, B. and Aradi, B. and Blum, V. and Bonafé, F. and Buccheri, A. and Camacho, C. and Cevallos, C. and Deshaye, M. Y. and Dumitrică, T. and Dominguez, A. and Ehlert, S. and Elstner, M. and van der Heide, T. and Hermann, J. and Irle, S. and Kranz, J. J. and Köhler, C. and Kowalczyk, T. and Kubař, T. and Lee, I. S. and Lutsker, V. and Maurer, R. J. and Min, S. K. and Mitchell, I. and Negre, C. and Niehaus, T. A. and Niklasson, A. M. N. and Page, A. J. and Pecchia, A. and Penazzi, G. and Persson, M. P. and Řezáč, J. and Sánchez, C. G. and Sternberg, M. and Stöhr, M. and Stuckenberg, F. and Tkatchenko, A. and Yu, V. W.-z. and Frauenheim, T.},
    title = "{DFTB+, a software package for efficient approximate density functional theory based atomistic simulations}",
    journal = {J. Chem. Phys.},
    volume = {152},
    year = {2020},
    pages = {124101}
}

@article{3ob-1,
    author = {Gaus, M. and Goez, A. and Elstner, M.},
    title = {Parametrization and Benchmark of DFTB3 for Organic Molecules},
    year = {2013},
    journal = {J. Chem. Theory Comput.},
    volume = {9},
    pages = {338-354}
}

@article{3ob-2,
    author = {Gaus, M. and Lu, X. and Elstner, M. and Cui, Q.},
    title = {Parameterization of DFTB3/3OB for Sulfur and Phosphorus for Chemical and Biological Applications},
    year = {2014},
    journal = {J. Chem. Theory Comput.},
    volume = {10},
    pages = {1518-1537}
}

@article{3ob-3,
    author = {Lu, X. and Gaus, M. and Elstner, M. and Cui, Q.},
    title = {Parametrization of DFTB3/3OB for Magnesium and Zinc for Chemical and Biological Applications},
    year = {2015},
    journal = {J. Phys. Chem. B},
    volume = {119},
    pages = {1062-1082}
}

@article{3ob-4,
    author = {Kubillus, M. and Kuba{\v{r}}, T. and Gaus, M. and {\v{R}}ez{\'{a}}{\v{c}}, J. and Elstner, M.},
    title = {Parameterization of the DFTB3 Method for Br, Ca, Cl, F, I, K, and Na in Organic and Biological Systems},
    year = {2015},
    journal = {J. Chem. Theory Comput.},
    volume = {11},
    pages = {332-342}
}

@article{matsci,
    author = {Lukose, B. and Kuc, A. and Frenzel, J. and Heine, T.},
    title = {On the reticular construction concept of covalent organic frameworks},
    year = {2010},
    journal = {Bellstein J. Nanotechnol.},
    volue = {1},
    pages = {60-70}
}

@article{water-matsci,
    author = {Louren{\c{c}}o, M. P. and dos Santos, E. C. and Pettersson, L. G. and Duarte, H. A.},
    title = {Accurate SCC-DFTB Parametrization for Bulk Water},
    year = {2020},
    journal = {J. Chem. Theory Comput.},
    volume = {16},
    pages = {1768-1778}
}

@article{xtb,
    author = {Grimme, S. and Bannwarth, C. and Shushkov, P.},
    title = {A Robust and Accurate Tight-Binding Quantum Chemical Method for Structures, Vibrational Frequencies, and Noncovalent Interactions of Large Molecular Systems Parametrized for All spd-Block Elements (Z = 1–86)},
    year = {2017},
    journal = {J. Chem. Theory Comput.},
    volume = {13},
    pages = {1989-2009}
}

@article{gfn-2,
    author = {Bannwarth, C. and Ehlert, S. and Grimme, S.},
    title = {GFN2-xTB—An Accurate and Broadly Para-metrized Self-Consistent Tight-Binding Quantum Chemical Method with Multipole Electrostatics and Density-Dependent Dispersion Contributions},
    year = {2019},
    volume = {15},
    pages = {1652-1671}
}

@article{ipea,
    author = {{\'{A}}sgeirsson, V. and Bauer, C. A. and Grimme, S.},
    title = {Quantum chemical calculation of electron ionization mass spectra for general organic and inorganic molecules},
    year = {2017},
    journal = {Chem. Sci.},
    volume = {8},
    pages = {4879-4895}
}

@book{mitchell-machine-learning,
    author = {Mitchell, T. M.},
    title = {Machine Learning},
    year = {1997},
    publisher = {McGraw-Hill Science/Engineering/Math},
    pages = {1-20}
}

@book{geron-machine-learning,
    author = {G{\'{e}}ron, A.},
    title = {Uczenie maszynowe z użyciem Scikit-Learn i TensorFlow},
    year = {2020},
    publisher = {Helion S.A.},
    pages = {27-48, 283-372}
}

@book{bishop-machine-learning,
    author = {Bishop, C. M.},
    title = {Pattern Recognition and Machine Learning},
    year = {2006},
    publisher = {Springer},
    pages = {225-290}
}

@article{machine-learning-chemistry-review-1,
    author = {No{\'{e}}, F. and Tkatchenko, A. and M{\"{u}}ller, K.-R. and Clementi, C.},
    title = {Machine Learning for Molecular Simulation},
    year = {2020},
    journal = {Annu. Rev. Phys. Chem.},
    volume = {71},
    pages = {361-390}
}

@article{machine-learning-chemistry-review-2,
    author = {Baskin, I. I. and Winkler, D. and Tetko, I. V.},
    title = {A renaissance of neural networks in drug discovery},
    year = {2016},
    journal = {Expert Opin. Drug Discov.},
    volume = {11},
    pages = {785-795}
}

@article{schnetpack,
    author = {Sch{\"{u}}tt, K. T. and Gastegger, M. and Nicoli, K. A. and Tkatchenko, A. and M{\"{u}}ller, K.-R.},
    title = {SchNetPack: A Deep Learning Toolbox For Atomistic Systems},
    year = {2019},
    journal = {J. Chem. Theory Comput.},
    volume = {15},
    pages = {448-455}
}

@article{deepmdkit,
    author = {Wang, H. and Zhang, L. and Han, J. and E, W.},
    title = {DeePMD-kit: A deep learning package for many-body potential energy representation and molecular dynamics},
    year = {2018},
    journal = {Comput. Phys. Commun.},
    volume = {228},
    pages = {178-184}
}

@book{gaussian,
    author = {Frisch, M. J. and Trucks, G. W. and Schlegel, H. B. and Scuseria, G. E. and Robb, M. A. and Cheeseman, J. R. and Scalmani, G. and Barone, V. and Mennucci, B. and Peterson, G. A.},
    title = {Gaussian 09},
    year = {2009},
    publisher = {Gaussian, Inc., Wallingford CT}
}

@article{ff-koddermann,
    author = {K{\"{o}}ddermann, T. and Paschek, D. and Ludwig, R.},
    title = {Molecular Dynamic Simulations of Ionic Liquids: A Reliable Description of Structure, Thermodynamics and Dynamics},
    year = {2007},
    journal = {Chem-PhysChem},
    volume = {8},
    pages = {2464-2470}
}

@article{nose-hoover-langevin-1,
    author = {Feller, S. E. and Zhang, Y. and Pastor, R. W. and Brooks, B. R.},
    title = {Constant Pressure Molecular Dynamics Simulation: The Langevin Piston Method},
    year = {1995},
    jorunal = {J. Chem. Phys.},
    volume = {103},
    pages = {4613-4621}
}

@article{nose-hoover-langevin-2,
    author = {Martyna, G. J. and Tobias, D. J. and Klein, M. L.},
    title = {Constant Pressure Molecular Dynamics Algorithms},
    year = {1994},
    journal = {J. Chem. Phys.},
    volume = {101},
    pages = {4177-4189}
}

@article{ewald-mesh,
    author = {Darden, T. and York, D. and Pedersen, L.},
    title = {Particle Mesh Ewald: An Nlog(N) Method for Ewald Sums in Large Systems},
    year = {1993},
    journal = {J. Chem. Phys.},
    volume = {98},
    pages = {10089-10092}
}

@book{cpmd-fourier,
    author = {Forbert, H. and Kohlmeyer, A.},
    title = {Fourier: Power Spectrum of Autocorrelation Function}
}

@article{msc-thesis,
    author = {Wróbel, P.},
    title = {Master Thesis: Badania oddziaływań jon metalu-rozpuszczalnik w elektrolitach dla ogniw jonowych metodami dynamiki molekularnej klasycznej i ab initio},
    year = {2018}
}

@article{li-emim-fsi-solvation,
    author = {Fujii, K. and Hamano, H. and Doi, H. and Song, X. and Tsuzuki, S. and Hayamizu, K. and Seki, S. and Kameda, Y. and Dokko, K. and Watanabe, M. and Umebayashi, Y.},
    title = {Unusual Li$^{+}$ Ion Solvation Structure in Bis(fluorosulfonyl)amide Based Ionic Liquid},
    year = {2013},
    journal = {J. Phys. Chem. C},
    volume = {117},
    pages = {19314-19324}
}

@article{li-na-exp-1,
    author = {Gouverneur, M. and Schmidt, F. and Sch{\"{o}}nhoff, M.},
    title = {Negative Effective Li Transference Numbers in Li Salt/Ionic Liquid Mixtures: Does Li Drift in the "Wrong" Direction?},
    year = {2018},
    journal = {Phys. Chem. Chem. Phys.},
    volume = {20},
    pages = {7470-7478}
}

@article{li-na-exp-2,
    author = {Dong, D. and S{\"{a}}lzer, F. and Roling, B. and Bedrov, D.},
    title = {How Efficient is Li$^{+}$ Ion Transport in Solvate Ionic Liquids under Anion-blocking Conditions in a Battery?},
    year = {2018},
    journal = {Phys. Chem. Chem. Phys.},
    volume = {20},
    pages = {29174-29183}
}

@article{li-na-exp-3,
    author = {Schmidt, F. and Sch{\"{o}}nhoff, M.},
    title = {Solvate Cation Migration and Ion Correlations in Solvate Ionic Liquids},
    year = {2020},
    journal = {J. Phys. Chem. B},
    volume = {124},
    pages = {1245-1252}
}

@article{li-na-exp-4,
    author = {Shigenobu, K. and Dokko, K. and Watanabe, M. and Ueno, K.},
    title = {Solvent Effects on Li Ion Transference Number and Dynamic Ion Correlations in Glyme- and Sulfolane-based Molten Li Salt Solvates},
    year = {2020},
    journal = {Phys. Chem. Chem. Phys.},
    volume = {22},
    pages = {15214-15221}
}

@article{li-na-exp-5,
    author = {Pfeifer, S. and Ackermann, F. and S{\"{a}}lzer, F. and Sch{\"{o}}nhoff, M. and Roling, B.},
    title = {Quantification of Cation-Cation, Anion-Anion and Cation-Anion Correlations in Li Salt/Glyme Mixtures by Combining Very-Low-Frequency Impedance Spectroscopy with Diffusion and Electrophoretic NMR},
    year = {2021},
    journal = {Phys. Chem. Chem. Phys.},
    volume = {23},
    pages = {628-640}
}

@article{li-na-exp-6,
    author = {Oldiges, K. and Diddens, D. and Ebrahiminia, M. and Hooper, J. B. and Cekic-Laskovic, I. and Heuer, A. and Bedrov, D. and Winter, M. and Brunklaus, G.},
    title = {Understanding transport mechanisms in ionic liquid/carbonate solvent electrolyte blends},
    year = {2018},
    volume = {20},
    journal = {Phys. Chem. Chem. Phys.},
    pages = {16579-16591}
}

@article{li-na-md-1,
    author = {Kubisiak, P. and Eilmes, A.},
    title = {Molecular Dynamics Simulations of Ionic Liquid Based Electrolytes for Na-Ion Batteries: Effects of Force Field},
    year = {2017},
    journal = {J. Phys. Chem. B},
    volume = {121},
    pages = {9957-9968}
}

@article{li-na-md-2,
    author = {Molinari, N. and Mailoa, J. P. and Kozinsky, B.},
    title = {General Trend of a Negative Li Effective Charge in Ionic Liquid Electrolytes},
    year = {2019},
    journal = {J. Phys. Chem. Lett.},
    volume = {10},
    pages = {2313-2319}
}

@article{li-na-md-3,
    author = {Molinari, N. and Mailoa, J. P. and Craig, N. and Christensen, J. and Kozinsky, B.},
    title = {Transport anomalies emerging from strong correlation in ionic liquid electrolytes},
    year = {2019},
    journal = {J. Power Sources},
    volume = {428},
    pages = {27-36}
}

@article{iefpcm,
    author = {Tomasi, J. and Mennucci, B. and Canc{\`{e}}s, E.},
    title = {The IEF version of the PCM solvation method: an overview of a new method addressed to study molecular solutes at the QM ab initio level},
    journal = {J. Molec. Struct.: THEOCHEM},
    year = {1999},
    volume = {464},
    pages = {211-226}
}

@article{mg-cl-dme-exp-1,
    author = {Ha, S.-Y. and Lee, Y.-W. and Woo, S. W. and Koo, B. and Kim, J.-S. and Cho, J. and Lee, K. T. and Choi, N.-S.},
    title = {Magnesium(II) Bis(trifluoromethane sulfonyl) Imide-Based Electrolytes with Wide Electrochemical Windows fo Rechargeable Magnesium Batteries},
    year = {2014},
    journal = {ACS Appl. Mater. Interfaces},
    volume = {6},
    pages = {4063-4073}
}

@article{mg-cl-dme-exp-2,
    author = {Cheng, Y. and Stolley, R. M. and Han, K. S. and Shao, Y. and Arey, B. W. and Washton, N. M. and Mueller, K. T. and Helm, M. L. and Sprenkle, V. L. and Liu, J. and Li, G.},
    title = {Highly active electrolytes for rechargeable Mg batteries based on a [Mg$_2$($\mu$-Cl)$_2$]$^{2+}$ cation complex in dimethoxyethane},
    year = {2015},
    journal = {Phys. Chem. Chem. Phys.},
    volume = {17},
    pages = {13307-13314}
}

@article{mg-cl-dme-exp-3,
    author = {Salama, M. and Shterenberg, I. and Gizbar, H. and Eliaz, N. N. and Kosa, M. and Keinan-Adamsky, K. and Afir, M. and Shimon, L. J. W. and Gottlieb, H. E. and Major, D. T. and Gofer, Y. and Aurbach, D.},
    title = {Unique Behavior of Dimethoxyethane (DME) / Mg(N(SO$_2$CF$_3$)$_2$)$_2$ Solutions},
    year = {2016},
    journal = {J. Phys. Chem. C},
    volume = {120},
    pages = {19586-19594}
}

@article{mg-cl-dme-exp-4,
    author = {He, S. and Luo, J. and Liu, T. L.},
    title = {MgCl$_2$/AlCl$_3$ electrolytes for reversible Mg deposition/stri-pping: electrochemical conditioning or not?},
    year = {2017},
    journal = {J. Mater. Chem. A},
    volume = {5},
    pages = {12718-12722}
}

@article{mg-cl-dme-exp-5,
    author = {Shimokawa, K. and Matsumoto, H. and Ichitsubo, T.},
    title = {Solvation-Structure Modification by Concentrating Mg(TFSA)$_2$ - MgCl$_2$ - Triglyme Ternary Electrolyte},
    year = {2018},
    journal = {J. Phys. Chem. Lett.},
    volume = {9},
    pages = {4732-4737}
}

@article{mg-dme-structures,
    author = {Salama, M. and Shterenberg, I. and J. W. Shimon, L. and Keinan-Adamsky, K. and Afri, M. and Gofer, Y. and Aurbach, D.},
    title = {Structural Analysis of Magnesium Chloride Complexes in Dimethoxyethane Solutions in the Context of Mg Batteries Research},
    year = {2017},
    journal = {J. Phys. Chem. C},
    volume = {121},
    pages = {24909-24918}
}

@article{carbonates-li-binding-energies,
    author = {Eilmes, A.},
    title = {Li$^{+}$ binding to fluorinated carbonate solvents studied by ab initio quantum chemical calculations},
    year = {2016},
    journal = {J. Mol. Liq.},
    volume = {224},
    pages = {452-459}
}

@article{peo-diglyme-1,
    author = {Stattner, T. and Huang, P. and Goktas, M. and Adelhelm, P. and Balducci, A.},
    title = {Mixtures of glyme and aprotic-protic ionic liquids as electrolytes for energy storage devices},
    year = {2018},
    journal = {J. Chem. Phys.},
    volume = {148},
    pages = {193825}
}

@article{peo-diglyme-2,
    author = {Westman, K. and Dugas, R. and Jankowski, P. and Wieczorek, W. and Gachot, G. and Morcrette, M. and Irisarri, E. and Ponrouch, A. and Palac{\'{i}}n, M. R. and Tarascon, J.-M. and Johansson, P.},
    title = {Diglyme Based Electrolytes for Sodium-Ion Batteries},
    year = {2018},
    journal = {ACS Appl. Energy Mater.},
    volume = {1},
    pages = {2671-2680}
}

@article{peo-diglyme-3,
    author = {Goktas, M. and Bolli, C. and Buchheim, J. and Berg, E. J. and Nov{\'{a}}k, P. and Bonilla, F. and Rojo, T. and Komaba, S. and Kubota, K. and Adelhelm, P.},
    title = {Stable and Unstable Diglyme-Based Electrolytes for Batteries with Sodium or Graphite as Electrode},
    year = {2019},
    journal = {ACS Appl. Mater. Interfaces},
    volume = {11},
    pages = {32844-32855}
}

@article{peo-na-glyme-1,
    author = {Terada, S. and Susa, H. and Tsuzuki, S. and Mandai, T. and Ueno, K. and Dokko, K. and Watanabe, M.},
    title = {Glyme-Sodium Bis(fluorosulfonyl)amide Complex Electrolytes for Sodium Ion Batteries},
    year = {2018},
    journal = {J. Phys. Chem. C},
    volume = {122},
    pages = {16589-16599}
}

@article{peo-na-glyme-2,
    author = {Kankanamge, S. R. G. and Li, K. and Fulfer, K. D. and Du, P. and Jorn, R. and Kumar, R. and Kuroda, D. G.},
    title = {Mechanism behind the Unusually High Conductivities of High Concentrated Sodium Ion Glyme-Based Electrolytes},
    year = {2018},
    journal = {J. Phys. Chem. C},
    volume = {122},
    pages = {25237-25246}
}

@article{peo-na-glyme-3,
    author = {Liyana-Arachchi, T. P. and Haskins, J. B. and Burke, C. M. and Diederichsen, K. M. and McCloskey, B. D. and Lawson, J. W.},
    title = {Polarizable Molecular Dynamics and Experiments of 1,2 - Dimethoxyethane Electrolytes with Lithium and Sodium Salts: Structure and Transport Properties},
    year = {2018},
    journal = {J. Phys. Chem. B},
    volume = {122},
    pages = {8548-8559}
}

@article{peo-na-tfsi-peo-1,
    author = {Boschin, A. and Johansson, P.},
    title = {Plasticization of NaX-PEO solid polymer electrolytes by Pyr$_{13}$X ionic liquids},
    year = {2016},
    journal = {Electrochim. Acta},
    volume = {211},
    pages = {1006-1015}
}

@article{peo-na-experimental-raman-1,
    author = {Monti, D. and J{\'{o}}nsson, E. and Boschin, A. and Palac{\'{i}}n, M. R. and Ponrouch, A. and Johansson, P.},
    title = {Towards Standard Electrolytes for Sodium-Ion Batteries: Physical Properties, Ion Solvation and Ion-Pairing in Alkyl Carbonate Solvents},
    year = {2020},
    journal = {Phys. Chem. Chem. Phys.},
    volume = {22},
    pages = {22768-22777}
}

@article{peo-na-experimental-raman-2,
    author = {Monti, D. and Ponrouch, A. and Palac{\'{i}}n, M. R. and Johansson, P.},
    title = {Towards Safer Sodoum-Ion Batteries via Organic Solvent/Ionic Liquid Based Hybrid Electrolytes},
    year = {2016},
    journal = {J. Power Sources},
    volume = {324},
    pages = {712-721}
}

@misc{scigress,
    author = {FQS Poland Ltd.: Kraków, Poland},
    title = {SCIGRESS},
    url = {https://www.fqs.pl/en/chemistry/products/scigress}
}

@article{il-h2o-hb-il-1,
    author = {Hunt, P. A. and Ashworth, C. R. and Matthews, R. P.},
    title = {Hydrogen Bonding in Ionic Liquids},
    year = {2015},
    journal = {Chem. Soc. Rev.},
    volume = {44},
    pages = {1257-1288}
}

@article{il-h2o-hb-il-2,
    author = {Wang, Y.-L. and Li, B. and Sarman, S. and Mocci, F. and Lu, Z.-Y. and Yuan, J. and Laaksonen, A. and Fayer, M. D.},
    title = {Microstructural and Dynamical Heterogeneities in Ionic Liquids},
    year = {2020},
    journal = {Chem. Rev.},
    volume = {120},
    pages = {5798-5877}
}

@article{il-h2o-hb-il-3,
    author = {Abe, H.},
    title = {Phase Variety in Ionic Liquids: Hydrogen Bonding and Molecular Conformations},
    year = {2021},
    journal = {J. Mol. Liq.},
    volume = {332},
    pages = {115189}
}

@article{il-h2o-water-1,
    author = {Seddon, K. R. and Stark, A. and Torres, M. J.},
    title = {Influence of Chloride, Water and Organic Solvents on the Physical Properties of Ionic Liquids},
    year = {2000},
    journal = {Pure Appl. Chem.},
    volume = {72},
    pages = {2275-2287}
}

@article{il-h2o-water-2,
    author = {Moreno, M. and Castiglione, F. and Mele, A. and Pasqui, C. and Raos, G.},
    title = {Interaction of Water with the Model Ionic Liquid [bmim][BF4]: Molecular Dynamics Simulations and Comparison with NMR Data},
    year = {2008},
    journal = {J. Phys. Chem. B},
    volume = {112},
    pages = {7826-7836}
}

@article{il-h2o-water-3,
    author = {Zhong, X. and Fan, Z. and Liu, Z. and Cao, D.},
    title = {ocal Structure Evolution and its Connection to Thermodynamic and Transport Properties of 1-
Butyl-3-methylimidazolium Tetrafluoroborate and Water Mixtures by Molecular Dynamics Simulations},
    year = {2012},
    journal = {J. Phys. Chem. B},
    volume = {116},
    pages = {3249-3263}
}

@article{il-h2o-water-4,
    author = {Martins, V. L. and Nicolau, B. G. and Urahata, S. M. and Ribeiro, M. C. C. and Torresi, R. M. },
    title = {Influence of the Water Content on the Structure and Physicochemical Properties of an Ionic Liquid and Its Li$^{+}$ Mixture},
    year = {2013},
    journal = {J. Phys. Chem. B},
    volume = {117},
    pages = {8782-8792}
}

@article{il-h2o-water-5,
    author = {Dziubinska-Kühn, K. and Croese, J. and Pupier, M. and Matysik, J. and Viger-Gravel, J. and Karg, B. and Kowalska, M.},
    title = {Structural Analysis of Water in Ionic Liquid Domains - A Low Pressure Study},
    year = {2021},
    journal = {J. Mol. Liq.},
    volume = {334},
    pages = {116447}
}

@article{il-h2o-previous-work,
    author = {Brela, M. Z. and Kubisiak, P. and Eilmes, A.},
    title = {Understanding the Structure of the Hydrogen Bond Network and Its Influence on Vibrational Spectra in a Prototypical Aprotic Ionic Liquid},
    year = {2018},
    journal = {J. Phys. Chem. B},
    volume = {122},
    pages = {9527-9537}
}

@article{travis-1,
    author = {Brehm, M. and Thomas, M. and Gehrke, S. and Kirchner, B.},
    title = {TRAVIS - A free analyzer for trajectories from molecular simulation},
    year = {2020},
    journal = {J. Chem. Phys.},
    volume = {152},
    pages = {164105}
}

@article{travis-2,
    author = {Brehm, M. and Kirchner, B.},
    title = {TRAVIS - A Free Analyzer and Visualizer for Monte Carlo and Molecular Dynamics Trajectories},
    year = {2011},
    journal = {J. Chem. Inf. Model.},
    volume = {51},
    pages = {2007-2023}
}

@article{experimental-ir-h2o,
    author = {Bertie, J. E. and Lan, Z.},
    title = {Infrared Intensities of Liquids XX: The Intensity of the OH Stretching Band of Liquid Water Revisited, and the Best Current Values of the Optical Constants of H2O(l) at 25$\degree$C between 15,000 and 1 cm$^{-1}$},
    journal = {Appl. Spectrosc.},
    year = {1996},
    volume = {50},
    pages = {1047-1057}
}

@article{experimental-ir-emim-tfsi,
    author = {Dhumal, N. R. and Noack, K. and Kiefer, J. and Kim, H. J.},
    title = {Molecular Structure and Interactions in the Ionic Liquid 1-Ethyl-3-methylimidazolium Bis(Trifluoromethylsulfonyl)imide},
    journal = {J. Phys. Chem. A},
    year = {2014},
    volume = {118},
    pages = {2547-2557}
}

@article{dft-methanol-benchmark,
    author = {Taherivardanjani, S. and Elfgen, R. and Reckien, W. and Suarez, E. and Perlt, E. and Kirchner, B.},
    title = {Benchmarking the Computational Costs and Quality of Vibrational Spectra from Ab Initio Simulations},
    journal = {Adv. Theory Simul.},
    year = {2022},
    volume = {5},
    pages = {2100293}    
}

@article{experimental-ir-emim-tfsi-h2o,
    author = {Yaghini, N. and Pitawala, J. and Matic, A. and Martinelli, A.},
    title = {Effect of Water on the Local Structure and Phase Behavior of Imidazolium-Based Protic Ionic Liquids},
    year = {2015},
    journal = {J. Phys. Chem. B},
    volume = {119},
    pages = {1611-1622}
}

@article{experimental-ir-emim-bf4-h2o,
    author = {Mukherjee, K. and Palchowdhury, S. and Maroncelli, M.},
    title = {OH Stretching and Libration Bands of Solitary Water in Ionic Liquids and Dipolar Solvents Share a Single Dependence on Solvent Polarity},
    year = {2022},
    journal = {J. Phys. Chem. B},
    volume = {126},
    pages = {4584-4598}
}

@article{h2o-bands-raman,
    author = {Sun, Q.},
    title = {The Raman OH stretching bands of liquid water},
    year = {2009},
    journal = {Vib. Spectrosc.},
    volume = {51},
    pages = {213-217}
}

@article{li-tfsi-h2o-1,
    author = {Zhang, Y. and Lewis, N. H. C. and Mars, J. and Wan, G. and Weadock, N. J. and Takacs, C. J. and Lukatskaya, M. R. and Steinr{\"{u}}ck, H.-G. and Toney, M. F. and Tokmakoff, A. and Maginn, E. J.},
    title = {Water-in-Salt LiTFSI Aqueous Electrolytes. 1. Liquid Structrue from Combined Molecular Dynamics Simulation and Experimental Studies},
    year = {2021},
    journal = {J. Phys. Chem. B},
    volume = {125},
    pages = {4501-4513}
}

@article{li-tfsi-h2o-2,
    author = {Suo, L. and Borodin, O. and Gao, T. and Olguin, M. and Ho, J. and Fan, X. and Luo, C. and Wang, C. and Xu, K.},
    title = {"Water-in-salt" electrolyte enables high-voltage aqueous lithium-ion chemistries},
    year = {2015},
    journal = {Science},
    volume = {350},
    pages = {938-943}
}

@article{li-tfsi-h2o-3,
    author = {Han, S.},
    title = {Dynamic features of water molecules in superconcentrated aqueous electrolytes},
    year = {2018},
    journal = {Sci. Rep.},
    volume = {8},
    pages = {9347}
}

@article{li-tfsi-h2o-4,
    author = {Li, Z. and Bouchal, R. and Mendez-Morales, T. and Rollet, A.-L. and Rizzi, C. and Le Vot, S. and Favier, F. and Rotenberg, B. and Borodin, O. and Fontaine, O. and Salanne, M.},
    title = {Transport Properties of Li-TFSI Water-in-Salt Electrolytes},
    year = {2019},
    journal = {J. Phys. Chem. B},
    volume = {123},
    pages = {10514-10521}
}

@article{li-tfsi-h2o-5,
    author = {Kartha, T. R. and Mallik, B. S.},
    title = {Ionic conductance and viscous drag in water-in-salt electrolytes for lithium and sodium ion batteries and supercapacitors},
    year = {2020},
    journal = {Mater. Today Commun.},
    volume = {25},
    pages = {101588}
}

@article{li-tfsi-h2o-6,
    author = {Zhang, M. and Hao, H. and Zhou, D. and Duan, Y. and Wang, Y. and Bian, H.},
    title = {Understanding the Microscopic Structure of a “Water-in-Salt” Lithium Ion Battery Electrolyte Probed with Ultrafast IR Spectroscopy},
    year = {2020},
    journal = {J. Phys. Chem. C},
    volume = {124},
    pages = {8594-8604}
}

@article{li-tfsi-h2o-7,
    author = {Han, K. S. and Yu, Z. and Wang, H. and Redfern, P. C. and Ma, L. and Cheng, L. and Chen, Y. and Hu, J. Z. and Curtiss, L. A. and Xu, K. and Murugesan, V. and Mueller, K. T.},
    title = {Origin of Unusual Acidity and Li$^{+}$ Diffusivity in a Series of Water-in-Salt Electrolytes},
    year = {2020},
    journal = {J. Phys. Chem. B},
    volume = {124},
    pages = {5284-5291}
}

@article{mio,
    author = {Elstner, M. and Porezag, D. and Jungnickel, G. and Elsner, J. and Haugk, M. and Frauenheim, T. and Suhai, S. and Seifert, G.},
    title = {Self-consistent-charge density-functional tight-binding method for simulations of complex materials properties},
    journal = {Phys. Rev. B},
    year = {1998},
    volume = {58},
    pages = {7260-7268}
}

@article{ob2,
    author = {Vuong, V. Q. and Kuriappan, J. A. and Kubillus, M. and Kranz, J. J. and Mast, T. and Niehaus, T. A. and Irle, S. and Elstner, M.},
    title = {Parametrization and Benchmark of Long-Range Corrected DFTB2 for Organic Molecules},
    year = {2018},
    journal = {J. Chem. Theory Comput.},
    volume = {14},
    pages = {115-125}
}

@article{packmol,
    author = {Mart{\'{i}}nez, L. and Andrade, R. and Birgin, E. G. and Mart{\'{i}}nez, J. M.},
    title = {PACKMOL: A package for building initial configurations for molecular dynamics simulations},
    year = {2009},
    journal = {J. Comput. Chem.},
    volume = {30},
    pages = {2157-2164}
}

@article{tip3p-1,
    author = {Price, D. J. and Brooks, C. L.},
    title = {A modified TIP3P water potential for simulation with Ewald summation},
    year = {2004},
    journal = {J. Chem. Phys.},
    volume = {121},
    pages = {10096-10103}
}

@article{tip3p-2,
    author = {Jorgensen, W. L. and Chandrasekhar, J. and Madura, J. D. and Impey, R. W. and Klein, M. L.},
    title = {Comparison of simple potential functions for simulating liquid water},
    year = {1983},
    journal = {J. Chem. Phys.},
    volume = {79},
    pages = {926-935}
}

@article{gpumd,
    author = {Fan, Z. and Wang, Y. and Ying, P. and Song, K. and Wang, J. and Wang, Y. and Zeng, Z. and Xu, K. and Lindgren, E. and Rahm, J. M. and Gabourie, A. J. and Liu, J. and Dong, H. and Wu, J. and Chen, Y. and Zhong, Z. and Sun, J. and Erhart, P. and Su, Y. and Ala-Nissila, T.},
    title = {GPUMD: A package for constructing accurate machine-learned potentials and performing highly efficient atomistic simulations},
    year = {2022},
    journal = {J. Chem. Phys.},
    volume = {157},
    pages = {114801}
}