@article{li-na-continuation,
    author = {Kubisiak, P. and Wróbel, P. and Eilmes, A.},
    title = {How Temperature, Pressure, and Salt Concentration Affect Correlations in LiTFSI/EMIM-TFSI Electrolytes: A Molecular Dynamics Study},
    year = {2021},
    journal = {J. Phys. Chem. B},
    volume = {125},
    pages = {12292-12302},
    shorthand = {A}
}

@article{homo-lumo,
    author = {Eilmes, A. and Kubisiak, P. and Wróbel, P.},
    title = {Explicit and Hybrid Solvent Models for Estimates of Parameters Relevant to the Reduction Potential of Ethylene Carbonate},
    year = {2022},
    journal = {Int. J. Mol. Sci.},
    volume = {23},
    pages = {15590},
    shorthand = {B}
}