@article{emim-fsi,
    author = {Wróbel, P. and Kubisiak, P. and Eilmes, A.},
    title = {Interactions in Sodium Bis(fluorosulfonyl)imide/ 1-Ethyl-3-methylimidazolium Bis(fluorosulfonyl)imide Electrolytes for Na-Ion Batteries: Insights from Molecular Dynamics Simulations},
    year = {2019},
    journal = {J. Phys. Chem. C},
    volume = {123},
    pages = {14885-14894}
}

@article{li-na,
    author = {Kubisiak, P. and Wróbel, P. and Eilmes, A.},
    title = {Molecular Dynamics Investigation of Correlations in Ion Transport in MeTFSI/EMIM-TFSI (Me = Li, Na) Electrolytes},
    year = {2020},
    journal = {J. Phys. Chem. B},
    volume = {124},
    pages = {413-421}
}

@article{mg-cl-dme,
    author = {Wróbel, P. and Kubisiak, P. and Eilmes, A.},
    title = {Quantum-Chemical and Molecular Dynamics Investigations of Magnesium Chloride Complexes in Dimehtoxyethane Solutions},
    year = {2020},
    journal = {ACS Omega},
    volume = {5},
    pages = {12842-12852}
}

@article{carbonates,
    author = {Wróbel, P. and Kubisiak, P. and Eilmes, A.},
    title = {MeTFSI (Me = Li, Na) Solvation in Ethylene Carbonate and Fluorinated Ethylene Carbonate: A Molecular Dynamics Study},
    year = {2021},
    journal = {J. Phys. Chem. B},
    volume = {125},
    pages = {1248-1258}
}

@article{peo-na,
    author = {Wróbel, P. and Kubisiak, P. and Eilmes, A.},
    title = {NaFSI and NaTFSI Solutions in Ether Solvents from Monoglyme to Poly(ethylene oxide) - A Molecular Dynamics Study},
    year = {2021},
    journal = {J. Phys. Chem. B},
    volume = {125},
    pages = {10293-10303}
}

@article{il-h2o,
    author = {Wróbel, P. and Kubisiak, P. and Eilmes, A.},
    title = {Hydrogen Bonding and Infrared Spectra of Ethyl-3-methylimidazolium Bis(trifluoromethylsulfonyl)imide / Water Mixtures: A View from Molecular Dynamics Simulations},
    year = {2022},
    journal = {J. Phys. Chem. B},
    volume = {126},
    pages = {10922-10932}
}